3102 4910
762 247 800 312 16

676 337 878 347 ———.—--

168 447 253 518 enim
275 469 333 537 per
355 451 577 520 accusationes
598 453 755 538 publicas,
779 454 828 520 bis
850 454 884 520 in
906 447 1086 518 rationibus
1102 445 1275 518 reddendis
1291 475 1325 519 se
1343 439 1386 519 ab

168 555 224 621 illo
246 557 280 621 in
302 557 352 622 ius
375 563 534 638 vocatum,
558 580 685 643 semper
708 566 740 624 et
756 559 890 624 deorum
906 564 937 622 et
953 558 1069 622 civium
1085 558 1204 621 auxilio
1222 563 1387 622 servatum

169 681 247 740 csse,
270 659 361 724 illum
384 666 493 724 autem
515 661 595 726 nihil
617 685 761 745 unquam
782 663 849 726 veri
863 661 1046 744 protulisse.
1091 659 1247 725 Immanis
1270 661 1336 724 fere
1354 669 1388 726 et

168 763 366 828 incredibilis
390 769 439 827 est
461 763 515 828 hic
537 785 688 828 numerus
711 765 964 844 accusationum,
990 785 1071 846 quas
1088 763 1294 844 Aristogiton
1309 763 1388 826 huic

168 867 291 930 oratori
313 867 492 930 intentasse
515 866 648 946 dicitur,
678 873 710 932 et
739 855 867 932 etiamsi
889 887 1064 948 numquam
1088 866 1117 929 ci
1139 866 1273 950 contigit
1293 866 1387 928 illum

168 969 369 1048 convincere,
400 974 510 1034 tamen
543 991 668 1052 semper
699 969 772 1052 plus
809 970 955 1052 quintam
991 974 1119 1050 partem
1156 966 1387 1049 suffragiorum

167 1071 280 1136 tulisse
302 1071 440 1135 videtur.
487 1069 594 1153 Quam
616 1073 642 1136 si
664 1073 697 1135 in
720 1095 786 1136 una
809 1094 848 1136 ex
863 1071 1025 1155 prioribus
1041 1071 1145 1134 causis
1158 1091 1222 1134 non
1245 1071 1385 1150 tulisset,

167 1175 284 1240 amisso
307 1175 377 1238 iure
397 1173 430 1236 in
453 1173 596 1238 futurum
619 1177 859 1240 accusationem
882 1173 1024 1238 eiusdem
1047 1174 1173 1255 generis
1194 1172 1387 1244 instituendi

168 1284 294 1342 ceteras
324 1276 491 1341 intendere
518 1297 583 1340 non
600 1279 724 1360 potuit.
771 1278 836 1344 Sed
869 1278 1065 1360 accipiamus
1094 1277 1179 1340 hunc
1201 1276 1386 1340 numerum!

127 1363 135 1383 ⁹
167 1381 241 1446 Hoc
254 1401 329 1444 uero
344 1385 455 1444 nostro
471 1381 540 1444 iure
557 1401 596 1443 ex
612 1403 649 1444 eo
667 1382 863 1464 colligemuS,
880 1381 1039 1444 neminem
1052 1400 1147 1461 posse
1162 1380 1264 1461 magis
1274 1380 1386 1442 vexari

168 1505 266 1566 quam
288 1487 399 1547 orator
420 1482 536 1546 abhoc
551 1484 752 1566 sycophanta
767 1491 901 1550 vexatus
924 1484 975 1563 sit,
999 1483 1063 1564 qui,
1087 1481 1247 1566 quidquid
1268 1483 1386 1564 potuit,

167 1586 347 1670 temptavit,
370 1590 407 1648 ut
429 1585 516 1648 illius
539 1587 766 1651 auctoritatem
788 1588 955 1665 minueret,
980 1605 1083 1666 neque
1100 1605 1145 1662 eo,
1170 1585 1256 1666 quod
1272 1586 1387 1648 inanes

168 1687 300 1752 fuerunt
315 1708 425 1752 omnes
441 1688 589 1770 impetus,
606 1687 779 1754 deterritus
795 1695 852 1768 est,
878 1688 1047 1771 quominus
1070 1687 1187 1750 iterum
1203 1688 1386 1768 iterumque

167 1790 258 1855 illum
293 1790 476 1856 lacesseret.
532 1790 620 1856 Num
650 1793 722 1873 quis
757 1791 862 1856 acrior
893 1791 996 1874 plebis
1032 1791 1066 1854 in
1095 1795 1257 1854 oratorem
1291 1811 1386 1871 prae·

167 1897 334 1975 potentem
362 1900 587 1976 propugnator
609 1914 678 1959 esse
701 1892 831 1977 potest?
874 1893 991 1977 Neque
1014 1893 1109 1958 huius
1125 1893 1220 1956 unius
1236 1892 1386 1956 iuimicus

166 1995 238 2074 fuit,
262 2016 335 2061 cum
357 1997 473 2060 ceteris
495 1996 678 2062 oratoribus
700 2002 858 2079 parceret.
903 1995 991 2060 Nam
1013 1995 1120 2076 verba,
1144 2015 1227 2078 quae
1247 1995 1386 2078 legimus

166 2099 257 2164 initio
281 2097 372 2185 §36:
395 2096 632 2184 λοιδορούμενος
646 2097 702 2164 καί
718 2097 900 2182 διαβάλλων
914 2097 970 2164 καί
991 2092 1241 2179 ὑπισχνούμενος
1262 2100 1385 2183 κρινεῖν

166 2196 305 2282 εἰσάξειν
333 2197 554 2287 παραδώσειν,
584 2208 731 2286 spectant
757 2223 821 2266 non
849 2202 952 2266 solum
987 2201 1029 2266 ad
1057 2201 1313 2266 Demosthenem
1342 2199 1386 2284 (si

167 2305 252 2370 hunc
280 2304 491 2388 supponimus
514 2306 668 2370 orationis
690 2305 888 2390 auctorem),
918 2304 975 2368 sed
998 2304 1159 2368 etiamad
1185 2303 1383 2386 Lycurgum,

167 2408 258 2473 alico.
302 2406 342 2471 cf.
372 2409 390 2493 ξ
421 2411 470 2472 38.
514 2402 570 2472 τὸν
595 2405 724 2494 ῥήτορα,
755 2395 781 2492 ᾦ
809 2404 975 2489 ἐπολέμει,
1006 2400 1078 2472 οὐδὲ
1106 2403 1162 2470 τὸν
1178 2407 1385 2490 Λυκοῦργον,

165 2505 239 2596 οὐδὲ
259 2507 334 2587 τοὺς
356 2503 482 2590 άλλους,
508 2508 582 2596 περί
605 2499 649 2574 ὧν
670 2505 787 2574 αὐτίκα
809 2508 847 2597 δὴ
867 2507 908 2574 τὰ
934 2507 1042 2574 πολλὰ
1064 2506 1135 2594 ἐρεῖ.
1180 2510 1226 2573 Et
1248 2509 1387 2590 legimus

166 2615 200 2678 in
227 2612 246 2700 ξ
272 2617 325 2694 47,
353 2612 575 2694 Hegemonem
603 2614 644 2678 ab
680 2635 717 2678 eo
747 2633 817 2678 esse
854 2612 1013 2692 delatum,
1043 2612 1223 2676 Demadem
1257 2611 1387 2694 saepius

167 2722 369 2798 accusatum,
399 2715 589 2780 Demcclem
611 2737 740 2799 quoque
770 2715 927 2794 delatum,
955 2716 1058 2780 multa
1080 2716 1145 2780 alia
1167 2714 1285 2778 similia
1299 2713 1388 2778 iacta

168 2813 265 2904 (άλλα
290 2817 406 2905 μύρια,
438 2805 482 2882 ὧν
511 2815 582 2900 ἐμοὶ
603 2817 662 2900 μὲν
683 2815 772 2904 ἔργον
794 2812 950 2882 ἁπάντων
973 2816 1042 2882 ἑστί
1063 2818 1268 2904 μνησθῆναι).
1312 2815 1387 2882 Has

168 2924 297 3006 quidem
319 2942 429 2986 omnes
450 2922 688 3002 accusationes,
717 2922 855 3004 pecunia
877 2929 1025 3004 accepta,
1049 2921 1212 2998 destituit,
1236 2918 1293 2982 sed
1314 2939 1388 3000 pro-

167 3027 265 3092 batur
287 3025 326 3090 iis
349 3024 534 3108 saepissime
557 3045 630 3088 eum
652 3024 685 3088 in
708 3031 853 3088 oratores
874 3025 1034 3096 invectum
1057 3044 1136 3104 esse,
1159 3027 1195 3088 ut
1216 3021 1387 3104 pecuniam

167 3129 206 3194 iis
240 3133 457 3210 extorqueret.
516 3125 624 3210 Quam
659 3127 686 3192 si
719 3126 798 3190 dare
833 3128 1041 3208 recusabant,
1077 3127 1111 3190 in
1143 3125 1297 3190 iudicium
1331 3144 1387 3188 eos

170 3230 363 3296 adducebat.

253 3333 350 3398 Nunc
379 3333 524 3415 legamus
552 3331 655 3396 simile
686 3331 767 3395 illud
798 3331 1050 3410 conclamatum,
1086 3328 1172 3412 quod
1203 3331 1252 3391 est
1279 3325 1298 3410 ξ
1327 3327 1385 3404 40;

168 3457 231 3520 quo
254 3436 459 3518 Aristogiton
486 3438 693 3518 comparatur
723 3455 796 3499 cum
819 3454 914 3514 canc,
944 3433 1000 3498 scd
1024 3453 1076 3512 co,
1106 3431 1161 3514 qui
1183 3430 1276 3512 lupos
1300 3428 1333 3509 (i.
1358 3449 1385 3492 e.

168 3541 328 3624 oratores)
352 3559 416 3602 non
439 3536 596 3618 mordeat,
619 3558 693 3602 oves
717 3537 752 3622 (i.
769 3558 795 3600 e.
811 3537 970 3620 privatos)
993 3535 1061 3618 ipse
1084 3532 1246 3598 comedat:
1277 3527 1310 3594 τί
1331 3519 1387 3594 οὖν

168 3629 262 3716 οὗτος
281 3635 386 3722 ἐστίν,
408 3638 494 3725 κύειν
515 3638 551 3728 νὴ
574 3635 651 3722 Δία,
675 3636 758 3726 φασί
779 3661 870 3720 τινες,
894 3641 951 3701 τοῦ
974 3635 1083 3724 δήμου.
1117 3631 1287 3712 ποδαπός,
1309 3622 1386 3714 οἶος,

168 3737 222 3820 οὓς
249 3742 307 3827 μὲν
336 3739 482 3808 αἰτιᾶται
509 3741 623 3820 λύκους
649 3733 740 3824 εἰναι,
767 3737 812 3828 μή
840 3738 977 3820 δάκνειν,
1006 3732 1027 3804 ἃ
1055 3735 1092 3802 δέ
1113 3758 1193 3824 φησι
1215 3733 1388 3824 φυλάττειν

169 3845 335 3935 πρόβατα,
369 3840 467 3920 αὐτὸς
500 3841 694 3910 κατεσθίειν.
750 3836 822 3908 κτά.
879 3841 1113 3926 Comparcmus
1148 3860 1246 3924 porro
1278 3839 1386 3919 verba,

168 3973 250 4034 quae
279 3956 354 4016 suut
381 3948 399 4035 ξ
426 3952 483 4014 41:
528 3946 766 4033 λοιδορούμενος
794 3942 853 4031 γὰρ
880 3943 913 4008 ἐν
934 3949 1006 4020 ταῖς
1029 3939 1212 4030 ἐκκλησίαις
1235 3979 1272 3988 -
1296 3937 1387 4028 δίκην

135 4041 138 4048 ’
167 4050 321 4136 λαμβάνει
346 4054 565 4140 συκοφαντῶν,
593 4047 705 4131 αἰτῶν,
735 4043 939 4135 εἰσπράττων
968 4043 1124 4134 ἀργύριον,
1155 4040 1224 4126 οἰχί
1246 4042 1293 4128 μὰ
1318 4041 1386 4110 Δία

166 4155 241 4232 τοὺς
267 4151 416 4239 λέγοντας
445 4141 547 4239 (οὗτοι
568 4150 628 4236 μὲν
649 4150 708 4238 γάρ
731 4147 925 4216 ἐπίστανται
953 4154 1056 4235 τούτῳ
1085 4145 1375 4234 διαβαπτίζεσθαι)

167 4252 250 4324 ἀλλὰ
272 4254 348 4334 τοὺς
368 4251 502 4332 ἰδιιάτας
523 4254 579 4322 καὶ
601 4255 676 4331 τοὺς
692 4248 855 4339 ἀπείρους.
894 4254 988 4318 Ηοευ
1003 4274 1080 4318 num
1095 4252 1300 4316 consentiunt
1314 4272 1388 4316 cum

167 4361 221 4443 iis,
254 4381 337 4446 quae
367 4360 386 4447 ς’
415 4366 454 4426 36
483 4367 515 4426 et
544 4365 584 4425 37
614 4367 647 4427 et
672 4363 713 4424 47
745 4354 942 4423 narrantur?
994 4349 1251 4422 Inconstantiam
1278 4362 1388 4418 autem

167 4470 294 4530 tantam
308 4464 343 4529 in
358 4463 455 4530 rebus
468 4463 651 4548 narrandis,
668 4483 745 4528 num
757 4462 879 4526 oratori
890 4461 1030 4544 genuino
1042 4457 1185 4522 tribuere
1197 4455 1385 4542 possumus?
