3102 4910
756 273 795 339 19

675 358 878 378 ——q

163 441 218 522 25,
241 448 292 510 37.
336 449 391 516 καί
419 449 481 538 ἐμω
508 467 577 540 τοῖς
600 473 692 550 θεοῖς
718 477 773 544 καὶ
800 486 904 550 πᾶσιν
926 481 1009 572 ὑμῖν,
1039 483 1199 586 ὦδνδρες
1213 496 1380 596 Ἀθηναῖοι

158 549 234 620 τοῖς
255 547 381 620 σώσασί
400 581 441 640 με
460 565 583 656 πολλὴν
603 571 750 668 χάριν.“)

250 681 315 752 Sed
343 693 512 766 redeamus
541 705 583 770 ad
610 708 868 799 Aristogitonem
896 731 929 791 et
957 751 1162 821 quaeramus,
1193 765 1270 810 uum
1299 751 1378 832 quid
1412 747 1417 764 '
1481 809 1485 824 .

154 779 198 846 de
237 785 350 856 litibus
387 817 468 880 quas
501 807 636 888 privatis
672 816 863 906 intenderit,
903 849 941 892 ex
974 838 1121 904 oratione
1158 847 1226 910 erui
1261 851 1374 932 possit.

152 881 302 955 Disserit
323 896 455 968 uberius
478 907 517 971 de
540 911 578 975 iis
601 913 620 1000 ξ
643 921 683 981 83
707 929 740 986 et
762 929 812 988 84.
862 927 1049 1016 Oompluria
1073 963 1111 1006 ex
1134 943 1195 1012 hoc
1217 949 1288 1015 loco
1310 953 1373 1018 dis·

151 985 273 1074 cimus,
301 997 440 1078 primum
468 1009 501 1072 in
530 1033 641 1082 omnes
668 1043 740 1088 reos
764 1031 880 1112 capitis
902 1055 1039 1116 poenam
1063 1059 1135 1110 enm
1157 1056 1372 1134 proposuisse.

150 1087 193 1151 cf.
220 1088 249 1155 oi
272 1111 596 1198 σεσυκοφαντημένοι,
620 1111 669 1198 οἷς
689 1113 782 1204 οὗτος
802 1131 947 1201 θανάτοιν
970 1125 1074 1206 ντᾶσιν
1094 1144 1227 1232 ἐτιμᾶτο
1249 1153 1282 1218 ἓν
1303 1181 1371 1223 του-

150 1193 240 1258 τοισὶ
263 1204 333 1276 τοῖς
354 1204 578 1300 δικαστηρίοις.
619 1222 751 1295 ‘Omitto
773 1233 957 1306 Hieroclem
984 1251 1017 1308 et
1039 1245 1247 1330 Agathouem
1269 1259 1310 1325 ab
1334 1283 1371 1326 eo

149 1291 184 1356 in
210 1302 414 1375 contionibus
443 1329 612 1388 accusatos
635 1349 713 1396 esse.
759 1335 824 1402 Sed
846 1360 974 1422 quaero.
990 1369 1067 1422 num
1090 1353 1132 1418 ad
1151 1355 1232 1422 illud
1256 1364 1368 1443 πᾶσιν,

148 1397 237 1476 quod
265 1403 338 1486 ipsa
370 1411 581 1489 collocatione
611 1435 792 1510 graviorem
823 1441 921 1508 etiam
950 1447 1014 1513 vim
1045 1455 1177 1538 accipit,
1208 1461 1370 1542 quadrent

144 1499 245 1565 verba
276 1527 359 1588 quae
389 1525 465 1583 sunt
494 1523 513 1608 §
546 1531 603 1592 74:
648 1532 757 1601 π’όθεν
784 1536 824 1622 δ,
849 1534 896 1620 οἷς
919 1536 1011 1626 οὗτος
1030 1556 1212 1624 θανάτου
1234 1568 1368 1647 τιμᾶται

142 1597 207 1664 καί
237 1603 383 1692 δεσμοῦ
412 1623 549 1708 περιιὼν
579 1628 614 1694 ἐν
641 1639 690 1722 τῷ
718 1639 922 1733 δικαστηρίῳ,
952 1648 992 1716 οἳ
1014 1654 1081 1737 μὲν
1107 1657 1167 1736 τὰς
1197 1665 1371 1748 ψυχὰςοί

142 1697 187 1764 δὲ
208 1703 310 1799 τὸμὴ
332 1715 421 1784 δεινὰ
441 1732 649 1800 πεπονθέναι
672 1747 880 1828 κομιοῦνταις
974 1753 977 1759 ’

226 1827 330 1897 Porro
354 1835 505 1911 discimus
529 1872 568 1916 ex
590 1855 609 1942 ξ
635 1861 677 1923 83
701 1883 812 1930 omnes
828 1889 910 1949 quos
925 1875 979 1939 ille
994 1869 1207 1963 accusaierit,
1225 1907 1295 1953 esse
1308 1891 1365 1955 ab·

138 1924 318 2018 solutos.¹⁶)
351 1937 417 2008 Sed
435 1968 492 2013 cur
503 1955 668 2046 tandem.§
681 1967 721 2028 38
733 1965 915 2046 Phocidem
926 1979 1076 2044 miserum
1088 1984 1243 2068 appellat,
1255 1991 1317 2082 uisi
1328 2001 1365 2059 ut

138 2027 305 2116 significet,
322 2060 394 2108 eum
408 2069 467 2130 per
481 2052 744 2144 Aristogitonem
763 2075 954 2154 gravissimo
971 2082 1088 2148 damno
1104 2107 1173 2151 esse
1189 2074 1362 2160 affectum?

140 2127 200 2196 Vix
235 2145 314 2218 puto
349 2166 542 2236 quemquam
577 2163 677 2232 aliter
707 2175 844 2242 verbum
879 2191 1096 2267 accepturum.
1149 2189 1254 2257 Immo
1287 2217 1361 2262 vero

136 2252 227 2302 nemo
249 2239 444 2318 adiectivum
459 2257 597 2328 Phocidi
622 2270 775 2342 additum
797 2301 863 2346 non
879 2287 1043 2370 supplebit
1058 2290 1156 2355 etiam
1171 2291 1214 2356 ad
1229 2299 1361 2363 nomina

135 2353 214 2414 (11188
250 2359 442 2438 sequuntur,
479 2371 677 2443 praesertim
713 2396 788 2446 cum
829 2386 929 2451 verba
961 2381 1044 2454 εἶδεν
1079 2385 1272 2472 ἀδικοῦντας
1303 2397 1360 2486 τὴν

135 2435 231 2504 πόλιν
253 2455 447 2524 sententiam
470 2467 672 2556 confirment,
696 2499 731 2541 re
756 2505 832 2548 vera
848 2508 902 2554 eos
918 2489 1043 2574 aliquid
1059 2495 1137 2559 mali
1152 2501 1358 2565 commisisse.

217 2579 289 2648 Iam
312 2608 387 2654 vero
409 2595 443 2660 iu
463 2597 514 2664 his
537 2609 690 2700 omnibus
711 2614 826 2684 litibus
849 2647 890 2689 ne
913 2629 1061 2710 quintam
1084 2633 1216 2714 quidem
1231 2643 1359 2718 partem

21 2693 22 2718 ι
133 2677 355 2765 suffragiorum
378 2697 461 2764 tulit.
508 2706 548 2770 os.
572 2713 674 2780 verba
696 2716 715 2802 ξ
740 2727 798 2790 83:
829 2725 963 2805 τούτους
984 2725 1072 2812 ὑμῶν
1094 2728 1125 2798 ot
1147 2734 1296 2816 λαχόντες
1316 2775 1359 2786 -

131 2771 251 2866 ἔσωζον,
281 2826 323 2836 -
352 2796 407 2861 καί
440 2801 478 2868 τὸ
515 2807 674 2892 πέμπτον
705 2821 803 2908 μέρος
830 2831 896 2892 τῶν
925 2831 1049 2920 ψήφων
1082 2829 1119 2900 οὐ
1149 2836 1359 2920 μετεδίδοσαν

130 2880 236 2971 τούτῳ.
281 2891 401 2978 Itaque
423 2904 456 2969 iu
472 2911 623 2981 omuibus
638 2920 728 2988 mille
746 2927 912 2996 drachmis
927 2935 1087 3004 multatus
1103 2947 1162 3006 est.
1199 2939 1358 3025 Quotiens

129 2981 185 3050 hoc
209 2989 331 3060 iactum
360 3006 570 3082 putabimus?
625 3019 749 3092 Omnes
785 3039 897 3098 autem
928 3036 1051 3104 multas
1084 3041 1217 3108 videtur
1249 3045 1359 3108 statim

21 3127 22 3166 p
129 3092 324 3180 persolvisse,
347 3123 452 3188 neque
475 3116 561 3179 euim
583 3139 671 3186 nova
692 3125 807 3194 debita
821 3135 954 3218 publica
970 3138 1099 3207 duobus
1115 3144 1240 3210 ultimis
1255 3147 1357 3232 aunis,

127 3191 237 3270 quibus
257 3201 403 3281 privatos
424 3213 500 3278 illos
523 3225 703 3309 accusavit,
728 3233 763 3296 in
788 3254 823 3298 se
848 3242 1021 3306 contraxit.
1069 3245 1118 3310 At
1134 3248 1256 3312 clamat
1270 3255 1359 3312 totus

126 3289 206 3360 loeus
227 3320 261 3364 se
284 3325 304 3366 a
325 3307 456 3378 rhetore
478 3339 549 3384 asse
572 3324 815 3402 elucubratum.
860 3341 1104 3428 Aristogitonis
1133 3348 1361 3414 crudelitatem

125 3400 154 3458 et
177 3397 446 3480 inhumanitatem
478 3422 543 3488 sibi
571 3439 753 3512 proposuit
785 3439 1038 3528 depingeudem.
1090 3449 1169 3516 Hac
1196 3451 1236 3516 de
1264 3472 1362 3518 causa

126 3559 316 3580 Ἣ

200 3669 233 3738 “)
260 3673 481 3744 Similitudiuem
510 3711 567 3747 non
596 3717 662 3754 casu
692 3725 755 3761 esse
783 3715 915 3773 effectam
946 3737 982 3774 eo
1010 3741 1127 3794 quoquc
1161 3723 1353 3790 confirmatur.

123 3753 185 3816 quod
202 3761 318 3828 uterque
334 3770 422 3824 verbo
440 3783 541 3844 κρίνειν
559 3786 659 3852 utitur,
679 3792 728 3844 sed
746 3795 876 3854 falsarius
894 3811 1119 3868 construetione
1133 3811 1272 3878 inaudita,
1292 3829 1356 3864 nam

121 3839 215 3908 γραφὴν
236 3852 336 3916 κρίνειν
357 3857 418 3910 τινὰ
437 3861 517 3916 nullo
541 3867 598 3920 alio
622 3871 685 3927 loco
704 3877 802 3935 inveni
821 3887 867 3954 (cf.
887 3893 997 3950 Aesch.
1018 3901 1045 3964 3,
1065 3897 1100 3950 52
1120 3895 1168 3954 ἀπ’
1190 3897 1358 3973 εἰσαγγελίαι

121 3919 191 3978 circi
214 3941 388 4010 κρινομένου).
423 3944 527 4016 ltaque
552 3951 607 4006 hoc
631 3975 745 4029 quoque
768 3970 887 4030 verbum
915 3995 954 4034 ex
972 3979 1179 4042 Demosthene
1198 3985 1358 4056 sumptim·

122 4011 163 4064 sod
179 4013 244 4072 falso
263 4022 426 4084 adhibuisse
444 4033 566 4090 videtur.

195 4119 226 4188 ¹⁶)
246 4123 385 4196 Cobetus,
409 4134 456 4200 qui
479 4136 508 4188 in
533 4138 653 4196 Miscell.
677 4150 732 4202 crit

120 4205 253 4262 emendare
281 4222 400 4270 conatus
424 4227 480 4286 est,
508 4223 584 4280 delet
607 4232 693 4286 verba
717 4257 750 4290 κα

119 4281 318 4364 ἀπεψηφίζοντο.
361 4303 424 4358 Nou
448 4325 522 4378 nego
545 4327 578 4366 ea
602 4319 741 4386 superflua
764 4341 835 4395 esse,
864 4341 968 4394 tamen
998 4343 1161 4404 retinenda
1187 4352 1267 4414 pul⁰2
1293 4363 1357 4400 ³⁸⁰¹

118 4373 202 4430 eodem
223 4382 333 4452 ordine,
358 4389 400 4444 ita
422 4393 529 4450 scilicet
548 4403 579 4452 ut
599 4402 667 4457 nihil
687 4411 855 4476 superfluum
878 4427 936 4486 sit,
960 4429 1046 4500 apud
1064 4428 1103 4488 D.
1128 4433 1170 4494 18,
1188 4434 1240 4486 250
1258 4437 1356 4486 extent

118 4455 147 4514 ‘tr'
165 4459 373 4540 ίιιιψηφίζεσθί
393 4501 446 4551 μου
468 4489 512 4538 καί
536 4483 568 4538 τὸ
585 4495 664 4564 μόραι
683 4493 739 4550 τῶν
756 4501 857 4572 ψήφων
878 4515 941 4570 τοῖς
960 4511 1122 4576 διώκουσιν
1142 4513 1174 4572 αὖ
1192 4517 1358 4588 μετεδίδοτε.

1166 4621 1205 4676 2*

755 4170 781 4220 P·
799 4159 851 4212 565
871 4181 916 4238 sq.
939 4171 1099 4228 nonnullos
1121 4179 1201 4232 locor
1220 4175 1357 4228 orationis

750 4245 761 4290 l
783 4242 844 4302 wlff
868 4247 929 4308 ὕπὸ
954 4261 1061 4316 τούτου
1085 4265 1358 4330 συκοφαντουμένους
