3102 4910
753 239 790 300 11

169 438 378 520 rettulerunt,
407 459 447 502 ne
475 439 573 504 fuisse
605 440 735 522 quidem
765 440 924 519 Athenis,
954 461 1040 504 nunc
1069 461 1128 520 pro
1158 445 1246 504 certo
1269 440 1386 506 scimus

169 547 241 625 post
264 541 449 606 Fraenhelii
464 543 664 624 praeclaram
681 543 984 610 commentationem
1000 541 1125 627 (Ueber
1141 543 1192 607 die
1209 541 1385 608 Attischen

168 643 595 731 Geschworonengerichte).
641 645 737 729 Quod
767 646 893 710 etiamsi
921 646 1132 725 nesciremus,
1159 667 1253 710 nemo
1275 653 1386 728 posset

167 747 392 830 comprobare,
430 747 537 828 λαχεῖν
573 754 606 812 66
642 743 911 835 ἀποκληροῦσθαι
947 749 1013 813 6116
1049 749 1119 812 1666
1157 769 1228 812 eam
1265 749 1386 816 hahere

167 849 450 932 significationem,
474 857 510 915 ut
532 851 613 916 illud
637 851 679 916 ad
702 852 852 934 priorem,
876 851 937 918 hoc
959 851 1002 916 ad
1024 852 1161 920 alteram
1183 851 1385 916 sortitionem

166 953 351 1037 pertineret.

251 1055 339 1140 Quid
360 1057 461 1139 igitur
484 1057 558 1122 huic
580 1057 650 1122 loco
673 1055 852 1122 faciemus9
897 1056 1168 1122 Emendationem
1183 1055 1383 1140 probabilem

166 1181 229 1224 non
260 1159 363 1224 video.
410 1161 529 1242 Itaque
562 1160 643 1224 nihil
675 1165 779 1224 restat
810 1159 871 1223 nisi
905 1165 942 1222 ut
974 1160 1187 1224 concedamus
1223 1160 1386 1226 rhetorem

165 1265 200 1328 in
229 1284 335 1328 meras
367 1285 471 1345 nugas
501 1262 661 1328 incidisse.
714 1263 761 1326 Et
788 1261 887 1326 verba
915 1268 992 1326 sunt
1017 1283 1070 1341 ea,
1102 1271 1139 1328 ut
1167 1285 1298 1346 operam
1326 1285 1384 1330 nos

166 1367 323 1448 perdituri
350 1366 464 1444 simus,
496 1366 523 1428 si
550 1387 702 1430 conemur
728 1365 901 1446 indagare,
925 1386 1022 1444 quam
1050 1366 1244 1430 sententiam
1269 1372 1384 1432 auctor

118 1461 122 1468 ’
165 1471 233 1552 ipse
263 1471 302 1534 iis
330 1469 545 1552 supposuerit.
579 1467 676 1534 Nam
703 1469 802 1532 verba
831 1467 991 1550 quaedam
1019 1469 1099 1532 iuris
1121 1469 1228 1534 Attici
1253 1471 1385 1552 propria

165 1573 372 1654 quaesivisse,
397 1572 592 1636 sententiam
615 1573 744 1636 omnino
768 1593 831 1636 non
855 1591 985 1634 curasse
1008 1571 1143 1634 videtur.

251 1675 363 1740 Simile
379 1674 458 1756 quid
475 1675 504 1739 ei
519 1673 636 1738 accidit
651 1675 684 1738 in
700 1674 719 1760 ξ
732 1679 782 1738 21.
818 1673 964 1738 Dubium
979 1695 1043 1738 non
1059 1680 1108 1738 est
1124 1673 1304 1756 (quodiam
1317 1675 1384 1738 Do·

167 1778 283 1842 bracus
307 1779 413 1862 vidit),
438 1778 516 1860 quin
539 1776 619 1840 duos
642 1776 730 1842 locos
746 1778 910 1842 Midianae
925 1777 1010 1842 inter
1025 1797 1059 1840 se
1076 1776 1254 1840 simillimos
1270 1777 1304 1862 (ξ
1324 1783 1382 1842 101

166 1889 200 1944 et
217 1883 291 1966 185)
313 1881 435 1946 imitari
450 1881 596 1952 voluerit.
620 1881 659 1946 cl.
677 1877 787 1964 ἐράνου
805 1876 972 1966 πληρωταί
987 1886 1020 1944 61
1037 1879 1150 1944 verba:
1174 1874 1311 1962 ἔρανος
1325 1878 1385 1964 γάρ

166 1980 235 2048 ἐστι
258 1980 429 2058 πολιτικὸς
450 1982 506 2048 καὶ
527 1979 634 2057 κοινὸς
656 1978 779 2047 rrosrd'
804 1980 890 2062 ὅσα,
914 1980 1079 2062 ταξάιτων
1100 1985 1165 2046 τῶν
1186 1979 1291 2064 νόμων
1313 1979 1385 2048 ἔκα-

165 2107 241 2162 στος
268 2083 358 2174 ἡμῶν
387 2090 497 2151 ποιεῖ
519 2109 591 2150 cum
614 2086 693 2150 Mid.
720 2091 795 2149 101:
830 2081 891 2168 ἐγὼ
914 2082 974 2168 γὰρ
995 2077 1086 2165 οἶμαι
1109 2083 1237 2162 πάντας
1259 2080 1384 2170 ἀνθρώ-

166 2212 249 2264 πους
276 2187 385 2276 φέρειν
412 2184 522 2269 ἀξιοῦν
545 2184 621 2272 παρ’
646 2184 753 2253 αὐτῶν
775 2183 820 2263 εἰς
834 2185 890 2252 τὸν
904 2185 976 2270 βίον
990 2185 1101 2264 αὐτοῖς
1122 2184 1258 2274 ἔρανον
1274 2185 1385 2272 παρὰ

168 2288 287 2357 ,πάνθ’
311 2291 386 2358 ὅσα
410 2290 665 2378 πράσσουσιν.
711 2292 776 2358 Sed
792 2291 1020 2356 Demosthenis
1044 2294 1238 2358 sententiam
1253 2292 1384 2356 omnino

167 2417 229 2462 non
243 2397 404 2462 intellexit
419 2395 580 2460 falsarius.
616 2395 794 2478 Quaeritur
807 2395 979 2478 praecipue
1002 2396 1082 2476 quid
1104 2395 1147 2460 sit
1170 2392 1281 2482 ἐράνου
1306 2393 1384 2475 alp

166 2499 274 2587 αυσής.
319 2500 401 2564 Loci
431 2499 595 2564 Midianae
627 2499 802 2562 cohaerent
832 2519 904 2562 cum
932 2518 1021 2562 more
1049 2497 1207 2580 quodam,
1240 2496 1296 2578 qui
1318 2494 1386 2556 late

165 2604 307 2685 patuisse
330 2603 458 2668 videtur
480 2603 513 2666 iu
536 2603 667 2666 civitate
689 2601 893 2680 Atheniensi,
917 2607 963 2681 ut,
986 2601 1013 2666 si
1028 2602 1100 2683 quis
1115 2603 1149 2665 in
1165 2598 1389 2666 calamitatem

166 2713 298 2788 repente
330 2706 495 2770 incidisset
526 2705 577 2770 vel
603 2726 678 2770 aere
700 2705 805 2768 alieno
827 2703 963 2768 obrutus
986 2711 1087 2784 esset,
1120 2704 1164 2770 ab
1188 2701 1304 2772 amicis
1326 2696 1390 2760 siue

164 2809 232 2891 ipse
261 2809 326 2874 sive
355 2810 533 2892 paralium
557 2808 656 2890 stipes
678 2807 738 2871 sibi
760 2807 926 2889 colligeret
953 2806 996 2870 ad
1018 2806 1297 2876 necessitudinem
1320 2799 1392 2868 sub-

164 2911 334 2977 levandam
363 2905 506 2996 (ὲράνους
533 2911 583 2976 vel
611 2905 721 2994 ἔρανον
750 2907 910 2992 συλλέγειν
932 2910 982 2974 vel
1003 2907 1256 2992 συλλέξασθαι).
1301 2906 1392 2991 Quae

164 3016 329 3080 interdum
351 3015 495 3096 gratuito
518 3014 614 3078 datae
637 3018 713 3076 sunt
735 3011 796 3093 (61..
806 3012 900 3076 Dem.
925 3016 975 3091 53,
992 3013 1037 3097 Β),
1060 3012 1261 3099 plerumque
1284 3017 1391 3078 autem

162 3139 203 3182 ca
233 3118 429 3194 condicione,
464 3124 499 3180 ut
530 3121 658 3199 postea,
695 3115 791 3179 rebus
822 3116 854 3178 iu
886 3114 1049 3180 meliorem
1079 3121 1208 3184 statum
1240 3116 1390 3198 redactis,

162 3220 377 3286 redderentur
402 3219 456 3303 (cf.
481 3219 644 3302 Theophr.
670 3217 768 3284 Char.
793 3223 840 3298 17,
864 3217 940 3300 Lys.
964 3217 1003 3282 fr.
1026 3223 1055 3298 2,
1079 3218 1097 3305 ᾗ
1118 3222 1142 3283 4
1164 3223 1211 3302 S,
1235 3220 1320 3286 Isae.
1340 3223 1386 3302 11,

161 3327 220 3402 43,
254 3323 359 3388 Arist.
392 3321 476 3386 Ach.
508 3326 580 3402 615,
613 3321 688 3404 Lys.
712 3326 784 3400 651,
814 3321 892 3402 Lyc.
916 3319 982 3405 22).
1026 3321 1253 3388 Illiberalitati
1276 3331 1384 3394 autem

163 3433 197 3490 et
219 3425 449 3492 inhumanitati
472 3425 685 3506 tribuebatur,
709 3426 736 3490 si
758 3425 829 3507 quis
850 3423 953 3488 amico
973 3425 1097 3506 petenti
1118 3426 1276 3494 auxilium
1289 3453 1380 3498 recu·

162 3535 252 3594 saret
282 3529 332 3592 vel
364 3527 482 3592 invitus
513 3527 613 3592 ferret
647 3527 702 3613 (cf.
735 3526 899 3609 Theophr.
933 3525 1020 3592 char.
1054 3532 1094 3592 22
1125 3535 1158 3594 ct
1192 3535 1246 3610 15,
1287 3535 1380 3602 Dem.

162 3635 215 3712 16,
238 3631 349 3716 capr)

167 3823 364 3830 ..ὴ-...ιρ-

251 3953 285 4022 ¹⁸)
303 3953 338 4008 61.
357 3953 443 4008 etiam
461 3953 579 4022 Antiph.
599 3957 624 4018 2,
642 3961 669 4022 β,
688 3955 705 4008 9
726 3957 755 4006 et
775 3955 819 4018 12,
838 3953 919 4008 Dem.
938 3955 980 4020 53,
1002 3958 1031 4010 11
1051 3961 1080 4008 et
1103 3957 1147 4022 12,
1165 3957 1207 4022 59,
1220 3959 1268 4025 31,
1287 3959 1378 4030 Epist.

163 4041 187 4104 3,
207 4042 255 4106 34,
279 4041 381 4094 Aesch.
407 4041 431 4103 2,
450 4042 491 4092 n.
528 4039 591 4092 Non
614 4057 728 4108 possum
756 4039 849 4092 locere
868 4059 931 4094 curn
950 4043 1147 4096 Schoemanno
1166 4043 1378 4112 (1111161611

163 4141 188 4192 p.
207 4127 258 4178 542
276 4143 316 4194 sq.
335 4126 458 4179 Altorth.
477 4144 503 4194 p.
524 4129 599 4192 384),
624 4125 767 4180 Boeckhic
791 4127 925 4191 (Staatsh.
950 4147 975 4196 p.
995 4131 1068 4196 316),
1094 4128 1311 4186 Westernisunc
1330 4135 1377 4202 (ad

163 4209 244 4264 Dem.
258 4209 370 4276 XVIII,
383 4213 455 4280 312),
473 4211 613 4264 [1111166616
631 4211 686 4280 (116
705 4212 830 4280 collegiis
850 4213 925 4268 artis.
941 4233 1012 4270 scon.
1031 4235 1058 4284 p.
1071 4216 1107 4282 7),
1129 4217 1176 4284 qui
1196 4235 1228 4270 ox
1247 4217 1290 4272 his
1308 4219 1377 4274 locis

163 4313 249 4364 genus
262 4297 403 4364 quoddam
417 4298 584 4352 societatum
599 4298 728 4352 derivant
742 4299 894 4364 conditum,
908 4303 940 4354 ut
952 4302 1061 4354 sodales
1074 4301 1150 4356 iutor
1162 4319 1190 4356 sc
1204 4303 1377 4370 adiuverunt.

163 4382 300 4436 Omnibus
325 4383 395 4436 locis
419 4385 512 4454 agitur
536 4383 569 4436 de
590 4385 663 4453 stipe
684 4385 854 4452 voluntaris,
879 4405 962 4454 quarn
981 4388 1089 4442 solvere
1109 4388 1230 4444 hominis
1250 4391 1376 4448 1161161611

164 4473 215 4524 est.
250 4469 319 4524 Com
343 4469 541 4524 sodalitatibus
567 4471 749 4524 convivarum
773 4475 927 4542 (ἐρανιαναί
949 4474 992 4527 vol
1017 4475 1219 4546 σινθιασιῖνται)
1248 4478 1313 4534 huic
1335 4480 1375 4534 roi
