3102 4910
788 246 828 322 36

281 455 375 529 Dem.
400 461 449 542 24,
474 463 533 527 152
560 453 580 550 ίγ
605 459 664 548 γὰρ
691 457 787 538 πόλις
808 457 905 549 ἡμῶν,
934 451 1091 550 ὦίίνδρες
1112 455 1273 543 δικασταί,
1298 455 1405 546 νόμοις

196 563 252 630 καὶ
281 560 470 652 ψηφίσμασι
499 564 667 629 διοικεῖται
694 572 726 630 et
756 570 816 631 156
843 565 937 629 οἵτε
962 562 1021 652 γὰρ
1048 561 1199 646 στίζοντες
1226 565 1284 655 τὴν
1312 562 1407 632 πόλιν

196 663 258 733 εἰσί
280 665 380 750 νόμοι.

281 770 399 835 Aesch.
423 772 453 849 3,
476 773 516 832 23
542 763 617 854 μηδ’
642 763 827 856 ἔμπροσθεν
848 772 913 833 τῶν
935 767 1048 852 νόμιον,
1077 764 1145 834 ἀλλ’
1168 768 1298 854 δστερος
1318 771 1406 834 πολι-

195 869 301 936 τεύου·
330 873 433 934 ταῦτα
460 867 519 954 γὰρ
545 863 640 955 ὀρθοῖ
667 870 724 958 τὴν
752 867 975 958 δημοκρατίαν.
1020 872 1058 936 cf.
1083 874 1181 936 etiam
1203 873 1279 956 Lys.
1304 878 1355 954 26,
1379 878 1407 937 9.

281 973 346 1040 Sed
374 972 529 1036 habemus
556 973 652 1038 etiam
679 973 781 1055 locos,
812 973 928 1056 quibus
956 975 1066 1057 paullo
1091 975 1274 1038 accuratius
1298 975 1338 1039 de
1360 975 1408 1038 his

199 1076 296 1140 rebus
320 1076 516 1158 disputatur.

281 1178 319 1243 cf.
349 1177 475 1241 Andoc.
504 1181 542 1258 4,
576 1181 614 1241 19
642 1174 759 1260 νομίζω
789 1175 824 1241 δὲ
851 1175 969 1264 ταύτην
995 1169 1077 1242 εἶναι
1104 1174 1262 1264 σωτηρίαν
1291 1175 1409 1259 ἅπασι,

196 1275 378 1346 πείθεσθαι
406 1283 475 1354 τοῖς
502 1273 631 1363 ι’ίρχουσι
659 1279 715 1344 καὶ
737 1284 805 1356 τοῖς
826 1279 946 1375 νόμρις·
968 1277 1059 1357 ὅστις
1080 1277 1117 1344 δὲ
1138 1272 1281 1369 ὑπερορᾷ
1296 1285 1408 1360 ταῦτα,

195 1381 254 1470 την
275 1378 425 1469 μεγίστην
448 1380 593 1469 φυλακην
615 1376 750 1469 ἀνῄρηκε
767 1386 824 1471 τῆς
845 1381 979 1458 πόλεως.

281 1485 358 1569 Lyn
383 1489 411 1564 2,
438 1488 475 1548 19
499 1478 543 1570 (οἱ
568 1483 734 1570 πρόγονοι)
758 1482 940 1571 ἐλευθέραις
953 1488 1026 1560 ταῖς
1040 1488 1160 1570 ψυχαῖς
1174 1482 1408 1565 ἐπολιτεύοντο,

197 1585 284 1673 νόμῳ
312 1584 386 1662 τοὺς
412 1581 557 1671 ἀγαθοί-ς
581 1590 735 1669 τιμῶντες
757 1587 812 1652 καί
838 1586 912 1662 τοὺς
933 1585 1051 1662 κακοὺς
1072 1585 1265 1667 κολάζοντες,
1296 1583 1409 1674 ἡγησαί-

199 1712 288 1771 μενοι
308 1685 433 1776 θηρίιον
454 1687 512 1771 μέν
533 1684 622 1773 ἔργον
643 1680 723 1753 εἶναι
745 1685 807 1754 ὑπ’
832 1684 976 1778 ἀλλήλων
989 1686 1046 1778 βίην
1061 1695 1262 1776 κρατεῖσθαι,
1287 1684 1410 1776 ἀνθρώ-

196 1814 273 1867 ποις
295 1789 330 1855 δὲ
353 1789 525 1878 προσήκειν
545 1789 630 1878 νόμην
650 1789 709 1874 μὲν
731 1787 905 1879 ὁρίσασθαι
922 1791 960 1858 τὸ
977 1789 1111 1874 δίκαιον,
1133 1790 1215 1880 λόγω
1232 1790 1268 1856 δὲ
1284 1795 1408 1873 πεῖσαι,

195 1889 274 1981 έργῳ
306 1891 342 1958 δὲ
371 1891 498 1968 τούτοις
524 1888 701 1980 ὑπηρετεῖν,
728 1890 797 1960 ὑπὸ
824 1892 921 1978 νόμον
949 1892 1009 1977 μὲν
1033 1893 1311 1978 βασιλευομένους,
1341 1891 1408 1960 ὑπὸ

196 1994 292 2081 λόγου
316 1993 351 2060 δὲ
373 1993 627 2078 διδασκομένους.

279 2099 448 2183 Lycurgus
479 2099 571 2163 initio
600 2097 798 2164 Leocrateae
829 2100 863 2187 (ξ
890 2103 923 2186 3)
957 2099 1100 2182 exponit,
1132 2100 1196 2164 tria
1228 2121 1296 2165 esse
1328 2121 1409 2184 quae

194 2209 348 2266 tueantur
369 2202 481 2284 pepuli
502 2201 673 2285 imperium
696 2194 732 2286 (ἃ
752 2201 962 2289 διαφυλάττει
984 2199 1039 2266 καὶ
1061 2199 1209 2281 διασώζει
1235 2200 1293 2292 τὴν
1316 2203 1408 2289 δημο-

196 2300 331 2391 κρατίαν
351 2301 407 2368 καὶ
429 2301 486 2391 τὴν
507 2306 563 2391 τῆς
578 2301 705 2379 πόλεως
719 2299 946 2392 εὐδαιμονίαν),
968 2306 1065 2388 leges,
1087 2305 1229 2369 iudicum
1244 2303 1407 2388 suffragia,

198 2408 427 2487 accusationes,
452 2407 569 2490 quibus
590 2409 677 2472 noxii
699 2408 858 2473 iudicibus
881 2409 1063 2474 tradantur.

280 2510 460 2575 Aeschines
482 2510 574 2574 initio
604 2516 636 2574 et
659 2510 881 2574 Timocrateae
911 2512 944 2597 (ξ
967 2513 1073 2596 4-6)
1102 2515 1134 2574 et
1157 2507 1408 2592 Ctesiphonteee

198 2613 231 2700 (ξ
255 2618 288 2699 6)
311 2613 426 2677 iisdem
454 2613 521 2676 fere
547 2613 668 2692 verbis,
697 2612 775 2695 quid
797 2614 926 2677 intersit
947 2614 1032 2677 inter
1051 2613 1220 2696 imperium
1242 2611 1355 2695 populi
1377 2619 1408 2674 et

198 2716 294 2780 unius
315 2717 364 2780 vel
386 2736 572 2797 paucorum,
596 2715 752 2798 depingit.
787 2714 826 2779 cf.
850 2715 1006 2799 imprimis
1027 2716 1126 2783 verba
1145 2721 1171 2796 1,
1194 2719 1226 2779 4.
1255 2713 1407 2777 διοικοῦν-

196 2842 250 2881 ται
274 2813 305 2882 δ’
330 2814 364 2882 αὶ
385 2815 444 2899 μέν
465 2813 644 2902 τυραννίδες
667 2816 721 2882 καί
745 2812 922 2904 ὀλιγαρχίαι
945 2822 1013 2893 τοῖς
1034 2815 1171 2903 τρόποις
1192 2821 1257 2881 τιῦν
1279 2814 1408 2903 ἐφεστη-

196 2918 311 3001 κότων,
336 2915 369 2984 αί
393 2917 428 2983 δὲ
451 2917 564 2994 πόλεις
587 2916 619 2984 ci
637 2919 928 3007 δημοκρατούμεναι
950 2925 1018 2996 τοῖς
1039 2919 1148 3002 νόμοις
1168 2924 1236 2994 τοῖς
1255 2918 1410 3002 κειμένοις

195 3054 236 3079 =
259 3027 288 3103 3,
313 3027 331 3085 6
356 3023 459 3088 initic.
505 3031 537 3087 et
562 3029 589 3104 1,
613 3027 631 3086 5
659 3013 749 3086 εδδ)
773 3017 852 3104 ἴστε,
876 3013 1099 3110 ὦἈθηναῖοι,
1129 3019 1180 3088 ὅτι
1202 3021 1244 3087 τὰ
1265 3020 1324 3105 μὲν
1345 3025 1409 3086 τῶν

196 3123 497 3212 δημοκρατουμένων
525 3123 661 3208 σώματα
688 3123 743 3189 καὶ
765 3123 822 3213 τὴν
845 3122 1013 3190 πολιτείαν
1034 3122 1064 3190 οἱ
1087 3123 1178 3209 νόμοι
1201 3123 1353 3208 σώζουσι,
1378 3132 1408 3190 et

195 3233 223 3308 3,
248 3234 266 3292 6
290 3230 323 3292 in
345 3228 407 3292 fine
435 3225 513 3293 ὅταν
539 3229 776 3315 διατηρηθῶσιν
803 3223 833 3292 οἱ
856 3224 946 3311 νόμοι
968 3232 1009 3316 τῇ
1030 3231 1131 3310 πόλει,
1155 3227 1289 3308 σώζεται
1311 3223 1408 3314 nati,

194 3327 401 3418 δημοκρατία.

279 3435 514 3499 Demosthenes
546 3455 609 3497 non
639 3434 721 3497 solet
750 3434 784 3497 in
816 3435 1149 3516 argumentationibus
1184 3455 1204 3496 a
1236 3435 1404 3499 sententiis

194 3537 416 3601 communibus
439 3536 608 3620 proficisci,
631 3537 688 3600 sed
708 3537 756 3600 ita
771 3558 825 3600 eas
840 3537 962 3618 inserit,
985 3543 1022 3601 ut
1037 3537 1267 3601 sententiarum
1285 3557 1407 3601 conexu

193 3641 383 3704 necessitate
406 3641 547 3722 quadam
569 3639 611 3702 ad
634 3659 688 3703 eas
711 3639 825 3703 ductus
848 3640 996 3704 videatur
1017 3646 1049 3705 et
1070 3639 1232 3703 interdum
1254 3641 1408 3705 nonnulle

193 3743 292 3806 verba
313 3744 488 3822 immiscet,
512 3763 594 3824 quae
617 3765 715 3806 unam
738 3742 780 3806 ad
803 3763 932 3807 causam
955 3743 994 3808 de
1018 3765 1082 3826 que
1103 3745 1212 3825 agitur
1235 3743 1406 3824 quadrant.

192 3846 231 3910 cf.
256 3850 306 3926 21,
333 3851 401 3909 lue.
446 3844 502 3908 καί
524 3843 583 3932 γὰρ
605 3839 804 3928 ὀμωμόκατε,
829 3835 854 3908 ui
877 3839 986 3930 ἄνδρες
1003 3841 1186 3928 Ἀθηναῖοι,
1210 3849 1278 3919 τοῖς
1300 3843 1408 3928 νόμοις

193 3945 389 4028 πείθεσθαι,
424 3947 479 4012 καί
512 3951 577 4012 τῶν
605 3944 685 4013 ’ίσων
715 3946 863 4031 μέτεστιν
893 3944 967 4030 ὑμῖν
997 3947 1053 4012 διὰ
1084 3946 1159 4023 τοὺς
1187 3946 1317 4031 νόμους,
1352 3947 1407 4012 καὶ

193 4045 295 4116 πάνθ’
319 4048 381 4115 ὅσα
404 4047 491 4114 ἐστὶν
507 4046 618 4136 ἀγαθὰ
641 4047 715 4134 ὑμῖν
733 4050 789 4116 διὰ
802 4049 877 4126 τοὺς
892 4049 1007 4133 νόμους
1021 4047 1118 4132 ἐστίν,
1142 4047 1178 4113 οὐ
1194 4049 1249 4116 διὰ
1264 4048 1408 4118 Μειδίαν

192 4149 264 4218 οὐδέ
287 4152 342 4218 διὰ
363 4151 438 4228 τοὺς
457 4151 598 4219 Μειδίου
621 4154 753 4230 παῖδας.

277 4262 327 4336 24,
364 4263 382 4320 5
419 4259 484 4320 τῶν
520 4255 579 4342 γὰρ
616 4253 716 4322 ὄντων
748 4252 883 4341 ἀγαθῶν
915 4260 955 4344 τῇ
991 4253 1085 4322 πόλει
1126 4254 1182 4320 καὶ
1219 4260 1277 4322 τοῦ
1315 4258 1407 4346 δημο-

190 4357 402 4446 κρατουμένην
432 4360 488 4425 κοί
523 4359 693 4447 ἐλευθέραν
725 4353 806 4426 εἶναι
835 4356 879 4434 ιδς
903 4355 981 4424 etto
1013 4385 1046 4425 τι
1072 4363 1137 4423 τῶν
1165 4357 1270 4443 νόμων
1299 4356 1406 4426 αἰτιιί-

190 4461 279 4550 τερόν
306 4461 401 4542 ἐστιν,
436 4458 505 4527 οίδ)
538 4459 577 4529 δν
603 4462 658 4530 ἕνα
688 4461 793 4531 εἰπεῖν
820 4459 929 4546 οίομαί
957 4471 990 4529 et
1018 4470 1080 4529 216
1108 4467 1212 4528 ταῦτα
1238 4462 1274 4528 δὲ
1297 4463 1407 4529 πάντα
