3102 4910
742 225 782 288 35

244 429 389 495 Tertium
405 419 584 494 membrum
600 429 856 514 enthymematis,
878 429 964 511 quod
979 423 1081 492 fusius
1098 423 1236 512 explicat
1251 425 1371 508 rhetor,

140 531 276 614 legitur
297 533 316 619 ξ
337 537 375 596 21
400 529 514 620 ἐπειδὴ
535 528 641 598 τοίνυν
663 527 692 596 οῖ
716 530 807 614 νόμοι
829 530 910 614 μετὰ
931 529 1007 606 τοῖς
1026 529 1124 606 θεούς
1144 526 1371 615 ὁμολογοῦνται

140 631 268 714 σώζειν
294 633 351 722 τὴν
378 633 484 714 πόλιν,
514 635 563 700 δεῖ
591 633 718 710 πάντας
744 631 827 717 ὑμᾶς
849 671 888 680 -
911 631 968 699 τὸν
994 631 1052 716 μὲν
1080 631 1276 716 πειθόμενον
1302 631 1373 698 τοδ-

141 759 285 812 τοις-
309 741 407 820 τιμᾶν
428 735 483 801 καὶ
507 735 661 820 ἐπαινεῖν,
684 733 795 802 τόνδ’
819 733 1023 802 ἀπειθοῦντα
1044 733 1196 816 κολάζειν.
1241 743 1274 801 et
1296 737 1373 822 §24

142 837 234 915 τοὺς
259 837 373 922 νόμους
401 829 457 904 οὖν
484 839 532 904 δεῖ
557 844 660 926 τηρεῖν
686 839 741 905 καῖ
770 839 901 915 τούτους
926 836 1071 924 ἰσχυροῖς
1100 844 1206 904 ποιεῖν
1226 838 1302 914 τοὺς
1323 833 1373 904 δεῖ

145 941 346 1022 δικάζοντας
368 937 464 1024 ὑμῶν.

244 1045 320 1110 Non
349 1045 484 1108 multum
509 1045 609 1109 refert
630 1068 707 1110 num
729 1067 801 1110 oum
824 1044 948 1111 Oobeto
970 1045 1002 1108 in
1027 1044 1046 1130 ξ
1070 1049 1111 1108 24
1132 1045 1229 1110 verba
1251 1042 1306 1110 καῖ
1330 1041 1371 1110 δι’

148 1134 205 1210 ὧν
228 1141 246 1234 ἡ
269 1145 366 1221 πόλις
380 1150 549 1228 κοσμεῖται
565 1145 620 1211 καὶ
642 1144 776 1227 σώζεται
791 1149 951 1212 eiciamus.
996 1148 1137 1212 Restant
1151 1148 1272 1212 multae
1288 1149 1371 1213 aliae

150 1270 234 1314 oum
271 1249 443 1314 verborum
479 1255 547 1314 tum
585 1252 722 1315 maxime
758 1251 992 1316 sententiarum
1025 1251 1249 1334 repetitiones,
1288 1272 1371 1333 quae

149 1351 322 1418 rhetorem
338 1352 544 1419 convincunt.
584 1336 675 1418 Sunt'
689 1360 797 1418 autem
813 1353 932 1417 similes
954 1353 1016 1416 looi
1037 1374 1230 1433 communes,
1255 1354 1371 1435 quibus

151 1455 346 1538 exponitur,
370 1453 449 1537 quid
478 1454 565 1537 leges
594 1455 725 1520 valeant
752 1457 785 1520 in
814 1456 944 1520 civitate
965 1455 1178 1535 Atheniensi,
1209 1455 1297 1520 haud
1327 1457 1375 1520 ita

153 1557 227 1622 rari
256 1557 344 1640 apud
376 1561 521 1622 oratores
552 1558 710 1640 imprimis
732 1559 818 1641 apud
841 1557 1094 1622 Demosthenem
1123 1563 1155 1623 et
1177 1558 1374 1624 Aeschinem

154 1659 195 1722 in
235 1660 372 1742 publicis
412 1660 615 1724 orationibus
652 1660 875 1739 iudicialibus,
927 1682 964 1724 ao
1010 1661 1107 1726 liceat
1151 1661 1229 1726 mihi
1266 1683 1375 1726 omnes

157 1783 342 1844 apponere,
374 1783 438 1846 qno
470 1761 589 1826 olarios
619 1761 692 1842 fiat,
725 1769 924 1845 quantopere
952 1762 1074 1826 distent
1100 1763 1239 1828 rhetoris
1269 1786 1375 1846 nugae

158 1865 204 1930 ab
229 1871 395 1930 oratorum
418 1865 596 1930 sententiis.

250 1967 388 2050 Saepius
416 1968 529 2050 paucis
552 1966 655 2030 verbis
677 1967 709 2030 in
733 1965 899 2033 enuntiato
921 1966 1112 2032 secundario
1135 1969 1248 2050 positis
1270 1968 1376 2050 legum

161 2069 209 2134 vis
232 2075 265 2134 et
286 2070 386 2135 virtus
408 2069 600 2134 celebratur.

245 2172 284 2236 of.
308 2173 399 2238 Dem.
424 2177 474 2251 20,
498 2176 539 2235 90
561 2168 636 2245 τοῖς
657 2169 693 2236 δὲ
715 2169 829 2253 νόμους
851 2165 975 2248 αι’·τοός,
999 2165 1080 2236 καθ’
1104 2163 1159 2245 οὓς
1182 2168 1236 2234 καὶ
1253 2167 1378 2245 τούτοις

163 2267 268 2358 δρχειν
289 2273 345 2338 καὶ
368 2277 449 2338 πᾶσι
474 2278 542 2349 τοῖς
564 2269 673 2348 ἄλλοις
696 2272 927 2338 πολιτεύεσθαι
951 2271 1104 2359 προσήκει
1127 2267 1199 2336 κτοῖ.

246 2379 340 2442 Dem.
358 2381 408 2454 21,
428 2383 497 2440 lou.
528 2373 685 2460 πατρίδος
699 2373 851 2457 τετευχὼς
864 2369 883 2462 ἢ
895 2373 1003 2458 νόμοις
1016 2378 1081 2438 τοῖν
1096 2369 1236 2438 ἁπασῶν
1251 2371 1378 2440 πόλεων

161 2475 293 2562 μάλιστ’
317 2475 478 2544 οἰκεῖσθαι
503 2479 599 2543 δοκεῖ.

246 2584 340 2648 Dem.
357 2587 408 2662 58,
425 2587 465 2646 56
488 2580 562 2656 τοῖς
578 2578 699 2663 νόμους,
723 2576 764 2646 δι’
783 2574 837 2655 οῖς
852 2575 998 2662 οἰκοῦμεν
1011 2577 1068 2666 τὴν
1085 2577 1197 2643 πόλιν·
1237 2583 1287 2658 59,
1307 2583 1376 2645 115.

162 2688 226 2750 τῶν
253 2683 359 2768 νόμιον
386 2679 492 2748 αι’-τῶν
520 2679 660 2764 ἀκούετε,
689 2679 730 2747 δι’
754 2671 799 2747 ὧν
820 2679 953 2748 οἰκεῖται
977 2678 996 2769 ἡ
1019 2678 1115 2756 πόλις
1141 2679 1196 2746 καὶ
1218 2676 1300 2746 καθ’
1325 2674 1379 2756 οὓς

164 2781 356 2871 ὀμωμόκατε
378 2783 531 2852 δικάσειν.

247 2891 366 2956 Aeseh.
391 2895 420 2972 3,
446 2895 506 2954 196
531 2887 563 2952 ἕν
585 2885 718 2974 τοιαύτῃ
741 2883 906 2974 πολιτείᾳ,
935 2882 972 2974 ἣν
1001 2883 1030 2952 οῖ
1058 2883 1132 2951 θεοῖ
1154 2881 1210 2948 καί
1233 2879 1262 2948 οῖ
1287 2881 1376 2966 νόμοι

164 2993 299 3074 σώζουσι
322 3001 355 3060 et
380 2999 438 3057 169
461 2995 530 3066 τοῖς
552 2988 668 3071 νόμοις,
692 2985 727 3053 οἳ
744 2986 880 3068 σώζουσι
901 2988 960 3075 τὴν
982 2983 1205 3076 δημοκρατίαν.

248 3097 349 3161 Isoor.
382 3102 430 3176 ll,
464 3099 504 3158 32
533 3091 638 3174 νόμιον
663 3091 720 3156 καῖ
748 3087 928 3171 πολιτείας,
958 3092 1057 3176 αἵπερ
1078 3087 1141 3156 εῖοὶ
1165 3087 1295 3176 πράξεις
1316 3091 1381 3152 τῶν

164 3195 290 3284 ἀνδρῶν
310 3201 375 3264 τιῦν
396 3197 504 3262 καλῶν
525 3190 691 3280 κάγαθῶν.

246 3303 340 3368 Deru.
364 3305 414 3380 24,
441 3305 500 3364 155
525 3293 611 3382 ὀροῖν
634 3295 693 3383 γὰρ
714 3291 868 3360 ἑκάστοτε
891 3294 1026 3376 πάντας,
1050 3293 1105 3360 καὶ
1126 3293 1200 3370 τοὺς
1215 3295 1380 3360 πολιτεοο·

163 3403 274 3486 μένοις
301 3401 357 3466 καὶ
386 3401 461 3476 τοῖς
487 3398 633 3478 ῖδιιότας,
668 3399 742 3476 τοῖς
777 3396 891 3480 νόμοις
922 3403 986 3462 τῶν
1012 3401 1068 3486 τῇς
1095 3395 1221 3472 πόλεως
1246 3393 1381 3483 ἀγαθῶν

163 3504 285 3582 αἰτίοις
307 3502 601 3589 ὑπολαμβάνοντας,
625 3501 757 3570 ἐσκόπει
782 3496 854 3566 κτδ.

252 3610 345 3676 Dein.
370 3614 420 3690 21,
443 3613 484 3674 45
507 3605 566 3694 τὴν
585 3604 643 3687 μὲν
666 3603 725 3690 γὰρ
746 3601 837 3685 ίσχῖν
860 3598 984 3688 ὀλόμαν,
1008 3603 1082 3678 τοῖς
1096 3601 1131 3666 δὲ
1147 3600 1261 3684 νόμους
1276 3595 1380 3666 ἁπόν-

164 3737 228 3778 τιον
255 3704 347 3778 εῖναι.
391 3719 424 3776 et
453 3717 515 3778 210
542 3707 598 3796 τὴν
626 3703 745 3788 όῖδειαν,
777 3701 814 3795 tp
845 3703 918 3794 ἡμῖν
950 3705 1057 3794 κοινὴν
1079 3699 1190 3769 οόσίαν
1225 3699 1254 3767 οῖ
1289 3701 1379 3786 νόμοι

166 3814 351 3902 παρέχουσι.

249 3919 371 3984 Breues
394 3925 426 3982 et
447 3916 594 3982 oouoisae
616 3921 693 3980 sunt
715 3915 777 3978 hae
798 3933 927 3995 quoque
943 3911 1137 3976 sententiae:
1169 3910 1270 3974 Isoor.
1294 3913 1323 3988 6,
1340 3913 1380 3972 36

164 4017 228 4108 δρῶ
251 4019 310 4106 γὰρ
330 4019 405 4096 τοῖς
427 4015 540 4104 νόμοις
561 4011 654 4082 λ’νεκα
675 4015 789 4082 τούτου
812 4015 846 4100 (ἰ.
872 4038 900 4082 e.
923 4019 979 4080 τοῦ
1003 4009 1149 4100 δικαίου)
1170 4007 1340 4090 κειμένους.

167 4277 339 4336 necessarias
357 4295 425 4332 esso.
462 4276 515 4330 Vel
535 4277 588 4328 sio:
613 4274 719 4340 Legum
739 4271 831 4326 edicte
851 4269 1025 4340 exequenda
1045 4271 1132 4324 eunt:
1153 4259 1291 4326 endingen
1303 4270 1403 4322 poenus

165 4365 222 4420 illis
249 4363 376 4416 indicunt
399 4365 444 4432 qui
469 4367 536 4416 sunt
559 4359 749 4430 Aristogitoni
769 4359 878 4416 similos
899 4365 931 4412 ot
949 4375 998 4416 eos
1017 4375 1034 4412 a
1056 4355 1127 4408 i'oro
1147 4345 1314 4412 excludunt:
1342 4353 1411 4402 9ῗὶ10

165 4449 357 4516 Aristogitoni
375 4465 484 4518 quoque
503 4447 614 4502 actione
632 4463 778 4502 aeneorum
796 4445 1036 4504 interdicendum
1059 4443 1121 4494 est·

1235 4535 1271 4592 3*
