3102 4910
773 203 792 264 ὅ

176 406 332 472 Fortasse
354 405 416 470 hoc
439 411 582 488 ternpore
596 403 803 490 Aristogiton
818 373 1043 487 Hegemonem
1066 406 1193 471 detulit.
1239 406 1305 473 Sed
1321 430 1394 474 eum

176 507 354 574 secundum
376 507 464 592 leges
479 509 610 574 Atticas
633 510 749 592 capitis
765 509 942 574 deminutio
958 507 1180 574 condemnatis
1202 531 1241 574 ex
1260 509 1317 576 illo
1332 511 1394 592 die,

175 632 241 694 quo
269 611 413 676 damnati
441 617 547 693 erant,
571 612 789 694 irrogaretur,
820 611 933 676 dubito
961 632 1039 676 num
1067 611 1164 676 verba
1195 615 1391 695 argumenti:

173 710 353 796 τοῦτομὲν
378 711 417 802 ὀὴ
439 717 569 800 πρῶτον
591 707 723 803 ὄφλημα
741 708 988 799 Ἀριστογείτονι
1011 709 1165 797 γίγνεται·
1193 709 1311 780 ἔπειτα
1332 711 1395 781 aad

175 823 347 900 tantopere
368 815 514 900 urgenda
535 818 609 882 sint.
645 817 793 901 Cogitari
808 823 917 900 potest
931 815 1189 898 Aristogitonem
1211 818 1395 902 Hegemoni

174 921 267 986 litem
287 919 481 1000 intendisse,
503 925 680 1004 antequam
709 921 742 984 in
765 920 914 985 contione
941 920 1142 1002 rogationem
1171 920 1263 985 illam
1284 920 1392 1003 ferret,

174 1029 210 1088 θῖ
231 1023 348 1088 deinde
370 1043 407 1088 co
423 1024 577 1106 temporie
595 1023 776 1104 intervallo,
801 1023 889 1106 quod
904 1024 989 1087 inter
1005 1022 1186 1088 contionem
1209 1027 1242 1088 θῖ
1263 1022 1393 1090 damna-

175 1125 300 1190 tionem
319 1125 592 1210 interponendum
615 1133 673 1207 est,
697 1125 739 1190 ab
763 1126 970 1190 accusatione
992 1126 1169 1206 recessisse,
1195 1147 1268 1191 oum
1289 1128 1392 1193 maius

175 1229 238 1311 ipsi
260 1228 442 1294 immineret
469 1229 658 1313 periculum.
703 1227 768 1294 Sed
798 1235 873 1294 utut
896 1229 958 1293 hoc
980 1233 1042 1306 est,
1072 1227 1106 1292 id
1134 1251 1240 1312 unum⁸
1256 1237 1392 1312 constat,

175 1331 398 1414 Hegemonem
421 1353 486 1397 non
501 1337 576 1416 post
590 1332 671 1396 illud
684 1333 825 1415 spatium
840 1331 1096 1415 praeterlapsum
1113 1339 1299 1398 accusatum
1314 1355 1392 1400 esse.

262 1433 357 1518 Quae
380 1435 496 1501 deinde
519 1435 558 1500 de
574 1435 678 1518 agello
694 1441 879 1516 narrantur,
902 1433 1036 1498 dubium
1050 1455 1115 1499 non
1130 1439 1187 1512 est,
1211 1437 1289 1518 quin
1303 1436 1392 1502 haud

175 1537 280 1602 multo
302 1543 476 1621 postquam
504 1538 644 1622 spatium
667 1538 852 1621 praeteriit,
881 1537 969 1602 facta
996 1537 1069 1602 sint.
1114 1537 1202 1603 Nam
1224 1537 1392 1622 duplicata

174 1641 279 1704 multa
301 1641 329 1704 si
350 1662 414 1705 non
430 1641 624 1722 solvebatur,
647 1647 717 1706 tota
732 1662 783 1706 res
799 1639 967 1705 familiaris
983 1639 1137 1705 debitoris
1152 1640 1390 1723 publicabatur.

175 1741 336 1826 Quodne
358 1741 465 1823 fieret,
489 1745 696 1828 Aristogiton
719 1743 860 1827 agellum
880 1743 971 1808 illum
992 1741 1233 1808 inscribendum
1255 1745 1389 1810 curavit.

260 1845 379 1930 Itaque
400 1869 483 1912 uuus
506 1846 572 1911 fere
595 1868 698 1911 annus
720 1847 770 1910 his
797 1845 945 1911 omuibus
967 1845 1063 1910 rebus
1086 1851 1195 1929 potest
1223 1867 1293 1912 esse
1316 1869 1390 1912 con·

174 1955 332 2032 sumptus.
385 1949 557 2014 Accedunt
588 1949 652 2014 duo
682 1949 775 2027 anni,
809 1948 925 2031 quibus
953 1948 1123 2031 pensiones
1151 1948 1276 2014 solutae
1305 1956 1389 2014 sunt.

175 2049 287 2116 Verba
309 2059 417 2116 autern
434 2073 517 2134 quae
532 2054 679 2136 legunter
700 2053 734 2116 in
749 2056 953 2134 argumento:
977 2047 1014 2114 τὸ
1037 2048 1072 2116 δὲ
1094 2049 1212 2116 λοιπὸν
1226 2044 1391 2137 ὀφείλεται

174 2151 337 2236 duplicem
358 2155 391 2219 in
411 2155 543 2220 modurn
565 2155 668 2242 accipi
682 2159 827 2238 possunt,
851 2161 908 2220 aut
928 2155 975 2220 ita
997 2159 1034 2219 ut
1056 2160 1237 2219 statuamus
1259 2155 1390 2220 omnino

174 2275 239 2319 non
261 2256 335 2339 plns
358 2256 423 2322 duo
445 2279 548 2322 anuos
570 2259 777 2342 praeteriisse
807 2278 846 2322 ex
867 2257 923 2322 illo
945 2263 1105 2340 tempore,
1137 2277 1200 2339 quo
1220 2258 1389 2322 Eunomus

174 2358 314 2440 agellum
336 2361 428 2442 emit,
452 2382 553 2444 usque
581 2361 623 2425 ad
646 2361 788 2444 Lycurgi
810 2361 1066 2440 accusationem,
1090 2365 1149 2424 aut
1169 2359 1218 2424 ita
1239 2365 1277 2422 ut
1298 2364 1390 2442 pute·

173 2483 244 2526 mus
265 2463 331 2526 iam
352 2464 462 2546 plures
483 2486 542 2548 per
560 2485 662 2529 annos
683 2465 867 2530 Eunomum
882 2464 1070 2547 pensionem
1092 2461 1303 2527 constitutam
1324 2480 1389 2524 non

173 2564 315 2630 solvisse.
359 2565 449 2631 Illud
470 2588 582 2632 verum
604 2589 673 2633 esse
689 2567 827 2632 efficitur
849 2566 975 2630 duobus
989 2565 1070 2630 locis
1092 2565 1259 2630 orationis.
1304 2563 1390 2629 Nam

173 2666 354 2750 biennium,
378 2669 468 2754 quod
495 2673 611 2753 statui,
639 2672 672 2735 in
699 2671 845 2735 oratione
877 2689 1006 2751 quoque
1035 2669 1181 2734 affertur.
1223 2666 1262 2731 of.
1290 2667 1309 2752 ξ
1339 2669 1389 2730 38.

173 2767 233 2833 δύο
253 2765 311 2858 ἔτη
330 2771 475 2854 βιάζεται
497 2771 607 2858 λέγειν.
650 2773 829 2838 Praeterea
856 2773 991 2856 legimus
1019 2771 1061 2858 ἓξ
1084 2773 1122 2834 79
1146 2777 1181 2836 θῖ
1201 2773 1242 2835 80
1263 2769 1391 2835 Aristo·

173 2873 316 2955 gitonem
344 2875 376 2940 in
406 2876 468 2941 hac
495 2874 553 2942 lite
581 2877 622 2942 ab
656 2875 804 2941 Eunomo
840 2875 942 2941 fratre
969 2895 1039 2938 asse
1067 2872 1244 2940 defensum.
1296 2872 1391 2957 Quod

174 2977 303 3041 omnino
332 2979 469 3062 cogitari
496 2981 624 3062 nequit,
646 2979 672 3043 si
701 2979 770 3062 ipse
793 2980 858 3042 iam
880 2977 988 3060 plures
1007 2999 1067 3060 per
1088 2997 1192 3042 annos
1220 2977 1391 3060 pensiones
1471 3037 1475 3044 .

174 3101 257 3162 qnae
279 3079 430 3160 debebat,
454 3103 519 3146 non
540 3081 691 3146 solveret.
736 3081 852 3163 Neque
881 3080 965 3144 enim
988 3080 1094 3143 solum
1120 3079 1262 3146 hominis
1290 3079 1391 3162 impu·

174 3181 283 3248 dentis
305 3183 368 3248 hoo
391 3183 514 3266 suisset,
535 3183 593 3249 sed
615 3185 713 3250 etiam
740 3185 836 3268 plane
858 3187 965 3246 mente
987 3183 1091 3264 capti,
1120 3203 1255 3250 causam
1281 3181 1391 3246 fratris

173 3283 292 3366 dicore,
318 3307 390 3351 cum
411 3288 481 3371 ipse
503 3293 638 3373 propter
653 3286 788 3352 eandem
804 3307 934 3352 causam
949 3285 981 3348 in
1005 3284 1121 3366 capitis
1138 3286 1391 3352 deminutionem

172 3387 356 3466 incidisset3
380 3390 467 3473 quod
488 3390 609 3455 factum
632 3397 697 3468 est,
725 3389 860 3454 simulac
882 3388 1067 3472 pensionem
1095 3407 1237 3454 annuam
1263 3388 1389 3454 aerario

172 3490 303 3574 publico
326 3513 391 3556 non
411 3494 573 3578 pependit.
618 3493 705 3558 Nam
728 3490 755 3555 si
778 3490 1058 3575 amagistratibus
1081 3511 1145 3554 non
1167 3493 1201 3556 in
1223 3513 1295 3557 eum
1318 3499 1390 3558 erat

173 3595 442 3674 animadversum,
464 3597 597 3661 fratrem
613 3617 685 3660 cum
701 3594 899 3674 defenderet,
922 3594 991 3676 ipse
1007 3614 1099 3658 suam
1114 3593 1241 3678 culpam
1257 3595 1388 3660 detexit.

173 3695 291 3781 Itaque
321 3699 428 3763 omnia
448 3701 533 3766 inter
560 3721 594 3764 se
621 3699 782 3782 quadrare
803 3696 969 3778 videntur,
999 3697 1028 3762 si
1049 3697 1235 3780 statuimus,
1259 3697 1388 3762 biennio

172 3800 239 3866 sare
266 3807 342 3866 aute
372 3800 515 3885 Lycurgi
546 3801 787 3866 accusationem
820 3799 960 3884 agellum
989 3799 1030 3864 ab
1064 3799 1213 3866 Eunomo
1245 3807 1389 3882 emptum

172 3923 252 3968 esee.
296 3903 346 3968 At
369 3903 388 3990 ξ
410 3907 452 3970 42
474 3904 574 3970 verba
595 3904 761 3988 leguntur:
792 3890 884 3978 οὗτος
907 3897 979 3984 ὑμῖν
1001 3895 1072 3982 οὐχὶ
1095 3899 1262 3988 προσῆλθε
1291 3899 1389 3968 πέντε

172 4001 262 4084 ἑτῶν,
292 3993 337 4070 ὧν
364 4004 501 4096 ἐτιμήθη
528 4005 572 4095 μὴ
600 4004 700 4090 λέγειν
729 3999 826 4090 αὐτῷ.
877 4003 930 4069 Ex
960 4003 1009 4068 his
1039 4001 1296 4069 concludendum
1327 4009 1386 4084 est,

172 4109 432 4194 Aristogitonem
455 4117 531 4177 ante
554 4110 729 4188 biennium,
752 4107 840 4192 quod
855 4107 874 4194 ξ
891 4111 932 4170 38
948 4115 1229 4184 commemoratur,
1245 4106 1388 4190 quinque

171 4233 232 4296 per
253 4233 355 4278 annos
378 4215 496 4277 nonin
519 4211 682 4297 publicum
705 4210 873 4294 prodiisse.
918 4207 1051 4292 Septem
1073 4215 1181 4276 autem
1208 4208 1266 4274 bos
1288 4228 1388 4274 annos

171 4315 341 4380 continuos
363 4335 448 4396 essa,
476 4317 562 4381 clare
590 4315 728 4380 efficitur
754 4334 792 4378 ex
819 4312 881 4378 tine
910 4313 929 4398 ,ὃ
957 4317 1014 4376 42:
1059 4309 1108 4388 τίς
1135 4301 1190 4376 οὖν
1220 4309 1253 4376 ἐν
1282 4309 1388 4398 τούτῳ

169 4419 217 4504 τῷ
238 4411 337 4504 χρόνῳ
360 4417 394 4502 (i.
418 4439 444 4484 e.
467 4418 685 4504 quinquennio
705 4416 775 4502 illo)
794 4418 908 4481 τοῦτον
926 4411 1110 4504 ἐπόθησεν,
1130 4452 1173 4464 -
1194 4409 1228 4480 τί
1246 4409 1290 4494 ds‘,
1314 4407 1385 4502 ἀφ’
