3102 4910
745 1339 817 1426 §a

369 1511 411 1576 tto
435 1513 516 1577 ritae
540 1528 718 1594 morumque
741 1507 949 1590 Aristogitonis
972 1500 1187 1582 descriptione.

245 1709 366 1791 Magna
395 1737 474 1797 pars
503 1718 665 1781 orationis
692 1717 727 1801 (ξ
757 1714 899 1794 36-68)
929 1711 963 1772 in
987 1709 1055 1771 rita
1079 1697 1318 1782 Aristogitonis
1345 1694 1397 1758 de·

153 1811 333 1876 scribenda
355 1825 514 1897 versatur,
539 1827 644 1900 atque
667 1820 736 1882 vita
757 1818 890 1900 publiea
914 1814 983 1876 eius
1005 1808 1045 1892 ,βξ
1070 1807 1197 1870 36-53
1221 1801 1274 1888 (of.
1298 1803 1397 1862 etiarm

148 1913 171 1996 ξ
198 1918 239 1976 74
264 1922 295 1978 et
316 1921 356 1980 83
380 1921 443 2006 sq.)
466 1920 675 2006 depingitur.
722 1920 945 1986 Vehementer
974 1913 1056 1975 haec
1079 1906 1256 1988 descriptio
1282 1900 1398 1966 Weilio

149 2016 208 2102 (cf.
234 2017 254 2080 l.
277 2039 303 2082 o.
325 2043 355 2102 p.
380 2027 400 2085 8
422 2023 486 2108 sq.)
510 2025 661 2109 placuit,
693 2024 751 2106 qui
774 2029 845 2086 tam
868 2023 960 2083 certa
990 2013 1083 2095 signa
1105 2009 1281 2093 genuitatis
1307 2005 1341 2068 in
1362 2024 1399 2067 ea

145 2121 255 2185 inesse
275 2121 438 2204 iudicavit,
462 2133 500 2190 ut
526 2127 656 2209 negligi
673 2131 805 2189 tantum
830 2124 873 2187 ab
897 2119 938 2182 iis
960 2116 1152 2199 potuissent,
1176 2112 1233 2194 qui
1249 2108 1398 2192 opinione

147 2225 371 2306 praeiudicata
394 2227 483 2291 ducti
509 2229 763 2296 adorationem
783 2223 1015 2291 accessissent.
1063 2217 1153 2282 Dicit
1168 2212 1398 2288 Athenienses,

145 2347 342 2410 quamquam
365 2351 457 2394 nemo
474 2334 525 2396 vir
550 2330 659 2396 bonus
682 2339 717 2396 et
734 2334 901 2395 honestus
917 2322 1028 2399 fuerit,
1053 2324 1133 2404 quin
1156 2313 1398 2384 calumniatoris

148 2437 182 2496 et
206 2430 356 2497 delatoris
379 2455 496 2498 munus
523 2433 779 2512 reformidaret,
811 2441 929 2500 tamen
953 2427 987 2495 id
1009 2445 1114 2508 genus
1138 2423 1281 2488 homines
1304 2417 1399 2483 utiles

146 2533 341 2618 reipublicae
369 2536 466 2601 saluti
498 2539 653 2621 duxisse,
679 2543 790 2617 ratos,
821 2557 958 2618 semper
985 2551 1040 2598 eos
1064 2533 1187 2598 instare
1217 2525 1399 2592 oratoribus

149 2643 184 2702 et
213 2659 408 2723 repugnare,
439 2661 480 2703 ne
512 2639 621 2704 nimia
646 2637 745 2705 fieret
775 2661 896 2707 eorum
930 2639 1088 2726 potentia.
1132 2632 1251 2718 ltaque
1278 2631 1399 2698 iudices

149 2761 277 2824 semper
298 2761 476 2826 propensos
501 2741 610 2808 fuisse
634 2742 678 2806 ad
703 2746 953 2828 sycophantam
976 2743 1124 2828 quamvis
1139 2739 1304 2820 nefarium,
1327 2743 1399 2804 tan·

150 2865 251 2929 qnam
282 2846 401 2910 malum
434 2847 686 2926 necessarium,
717 2847 965 2916 absolvendum
993 2852 1025 2910 et
1055 2843 1253 2910 servandum.
1301 2843 1398 2910 Hauc

154 2949 339 3031 opinionem
361 2969 490 3014 summa
516 2967 596 3012 cum
620 2957 694 3014 arte
715 2951 781 3014 hac
805 2953 958 3018 oratioue
980 2951 1019 3014 iis
1041 2946 1131 3030 eripi,
1154 2969 1228 3012 nam
1245 2951 1397 3034 exemplis

152 3051 297 3134 ostendi,
320 3053 595 3133 Aristogitonem
620 3073 689 3117 nou
712 3053 821 3137 plebis
844 3053 1059 3137 patrocinium
1090 3057 1203 3115 eontra
1230 3060 1395 3120 oratorum

151 3155 333 3238 potentiam
365 3158 578 3238 suscepisse,
613 3156 715 3222 immo
751 3177 828 3221 vero
856 3157 975 3220 multos
1007 3155 1152 3219 homines
1186 3157 1330 3238 privatos
1362 3159 1394 3222 io

157 3258 277 3340 capitis
300 3257 486 3341 periculum
516 3256 716 3339 adduxisse,
740 3265 786 3339 et,
817 3263 964 3320 oratores
987 3257 1013 3318 si
1035 3265 1229 3337 accusasset,
1259 3261 1396 3341 pecunia

156 3367 296 3442 accepta
318 3379 453 3424 oausam
480 3361 669 3428 destituere
692 3361 823 3424 solitum
846 3380 925 3422 esse.
971 3358 1069 3424 Hanc
1085 3363 1396 3441 argumentationem

155 3469 227 3526 tam
254 3463 428 3541 disertam,
459 3469 538 3532 tam
569 3465 723 3542 vividam,
755 3467 821 3525 tam
849 3465 959 3542 aptam
988 3459 1030 3523 ad
1061 3458 1166 3524 forum
1198 3483 1281 3544 esse,
1313 3471 1349 3528 ut
1376 3487 1397 3530 a

155 3563 291 3628 rhetore
322 3586 395 3629 eam
435 3563 555 3633 fictam
592 3587 661 3631 esse
696 3565 831 3646 eogitari
861 3568 1013 3645 nequeat.
1072 3561 1126 3628 Sic
1159 3563 1225 3629 lere
1248 3566 1409 3632 Weilius.'

158 3663 256 3747 Quae
279 3665 468 3733 sententiae
500 3669 533 3733 si
563 3673 629 3732 tam
654 3667 750 3730 claris
774 3673 806 3730 et
829 3664 977 3730 dilucidis
1001 3665 1121 3745 verbis,
1146 3687 1243 3748 quam
1265 3669 1319 3735 ille
1342 3692 1396 3736 eas

158 3765 254 3830 uobis
278 3771 457 3852 proponit,
490 3773 526 3834 in
553 3769 698 3834 oratione
720 3769 921 3851 legerentur,
951 3767 1047 3848 plane
1074 3769 1212 3834 facerem
1235 3793 1307 3836 oum
1331 3775 1397 3840 viro

160 3867 354 3936 doctissimo
382 3879 619 3953 oratorumque
635 3871 824 3934 Atticorum
840 3870 1043 3953 peritissimo,
1067 3881 1108 3954 et,
1134 3875 1159 3937 si
1176 3875 1280 3938 nunus
1296 3881 1397 3942 totam

160 3972 371 4058 orationem,
397 3986 509 4043 tamen
531 3975 614 4038 hano
637 3979 763 4056 partem
793 3974 966 4054 genuinam
994 3983 1152 4056 putarem.
1198 3977 1263 4044 Sed
1285 3979 1395 4046 Weilii

162 4076 273 4159 magis
296 4100 402 4164 quam
420 4078 575 4146 orationis
590 4076 768 4140 sententiae
784 4075 861 4140 mihi
877 4075 1035 4140 ridentur.
1081 4078 1295 4160 Inspiciamus
1313 4083 1396 4148 enim

168 4179 286 4262 paullo
312 4183 512 4262 accuratim,
536 4199 618 4262 quae
642 4183 754 4242 auctor
771 4178 811 4242 do
827 4179 1052 4260 Aristogitone
1075 4180 1170 4244 dieat.
1218 4182 1271 4248 Sic
1286 4186 1397 4268 incipit

166 4281 188 4370 ξ
214 4287 269 4368 36,
294 4288 381 4352 scire
404 4307 456 4365 se,
479 4283 584 4364 illum,
608 4287 696 4345 recta
718 4287 749 4344 et
771 4281 858 4344 iusta
880 4282 931 4344 ria
955 4281 1149 4348 defensionis
1173 4285 1294 4352 evitata
1316 4289 1395 4352 nihil

171 4388 268 4454 aliud
293 4392 358 4456 nisi
383 4389 634 4470 obiurgatorum,
659 4383 935 4460 calumniaturum,
960 4383 1177 4468 polliciturum
1202 4410 1236 4452 so
1261 4391 1395 4456 velleio

172 4492 337 4559 iudicium
362 4512 484 4556 uocare.
530 4486 594 4554 Sed
623 4485 703 4550 haec
734 4486 841 4550 omnia
863 4487 891 4548 ei
915 4487 978 4550 iam
1002 4487 1081 4552 nihil
1106 4490 1223 4556 valera
1270 4493 1396 4578 Septies
