3102 4910
761 217 801 278 32

182 419 300 502 3Lyc.
324 419 343 504 ξ
365 423 440 484 4et
466 423 525 483 114
548 418 668 484 Aesoh.
695 424 722 500 1,
747 425 801 500 72,
826 425 883 500 90;
912 415 1006 507 ζημίᾳ
1029 419 1104 502 Lys
1137 425 1164 499 7,
1200 425 1257 498 373
1290 422 1339 498 14,
1361 423 1400 496 93

180 525 252 598 ταῖς
272 518 438 605 μεγίσταις
459 517 627 606 τιμωρίαις
649 522 743 586 Dem.
766 528 820 602 24,
848 528 923 602 1203
954 522 1060 608 δεσμῷ
1080 523 1174 588 Dent.
1198 530 1256 604 51,
1288 523 1323 609 4)
1347 523 1402 588 vel

181 625 329 704 crimine,
358 627 448 690 cuius
476 631 647 690 accusatur
677 627 738 710 ruqi
764 623 853 711 φόνῳ
880 626 959 690 Ant.
991 630 1021 705 1,
1053 629 1105 704 11,
1134 629 1175 712 τῇ
1205 621 1296 713 αἰιτίᾳ
1318 627 1400 708 Lys.

182 731 230 807 10,
266 731 322 805 22;
356 729 400 792 Is.
438 731 490 806 15,
529 733 606 801 2373
646 727 729 791 Isae.
772 733 826 807 11,
867 732 905 791 15
948 731 1015 802 τοῖς
1059 722 1232 814 εἰρημένοις
1276 730 1320 794 Is.
1367 735 1398 809 2,

179 834 237 906 473
272 835 325 904 15,
357 835 416 894 131
458 837 490 894 01
527 851 610 911 quae
639 837 715 894 sunt
747 831 888 915 similia).
945 832 1019 896 Uno
1057 831 1128 896 loco
1172 834 1319 916 sequitur
1351 833 1401 896 in-

180 933 321 996 finitivus
343 953 401 1016 per
423 932 595 996 articulum
618 933 650 996 in
673 933 867 998 substantivi
896 933 1041 998 ordinem
1064 933 1215 999 redactus
1238 935 1277 1000 cf.
1301 936 1401 1000 Dem.

181 1039 231 1114 58,
248 1041 267 1099 6
283 1030 390 1115 ἔνοχον
404 1026 485 1098 εἶναι
499 1030 668 1121 Θεοκρίνην
688 1038 736 1120 τῷ
757 1033 901 1122 φήναντα
917 1033 1057 1100 Μίκωνα
1074 1033 1249 1124 Χολλείδην
1263 1035 1308 1126 μὴ
1323 1035 1404 1102 ἒπε-

179 1137 315 1218 ξελθεῖν,
340 1132 406 1202 ἀλλ)
431 1131 578 1222 δρμίριον
600 1134 740 1219 λαβόντα
763 1131 955 1208 ἀποδόσθαι
975 1136 1012 1202 τὸ
1036 1141 1180 1224 πρᾶγμα.
1230 1139 1295 1204 Sed
1319 1162 1404 1222 quo-

179 1240 274 1304 modo
297 1240 368 1323 quis
384 1241 576 1304 constrictus
592 1246 720 1304 tenetur
741 1243 787 1325 τη1
810 1236 1054 1326 παραβαίνοντα
1075 1239 1150 1316 τοὺς
1167 1239 1281 1324 νόμους
1305 1243 1405 1306 κολα-

180 1339 306 1425 ζόμενον
327 1339 471 1424 βελτίους
491 1339 567 1418 τοὺς
588 1336 702 1416 ἄλλους
724 1340 851 1406 morsis?
896 1342 948 1408 Ne
970 1344 1032 1408 hoc
1054 1344 1184 1427 quidem
1204 1345 1402 1410 vocabulum

179 1451 343 1510 oratorum
370 1446 557 1510 Atticorum
580 1446 745 1528 proprium
767 1451 853 1513 recte
878 1447 1046 1528 usurpavit
1069 1445 1228 1512 falsarius.

265 1549 379 1632 Pergit
401 1548 515 1612 deinde
537 1547 698 1630 particula
713 1544 771 1632 γάρ
786 1553 818 1610 01
832 1548 967 1628 periodo
983 1547 1162 1615 bimembri.
1208 1549 1404 1632 Explicabit

178 1652 278 1734 igitur
299 1651 402 1731 nobis,
433 1672 490 1716 cur
519 1647 643 1714 duabus
672 1649 736 1713 illis
764 1649 870 1712 causis
902 1672 975 1715 reus
1008 1654 1200 1716 constrictus
1236 1659 1401 1734 teneatur,

179 1754 308 1819 docebit
330 1759 361 1818 et
382 1755 533 1818 iniuriam
559 1752 600 1816 ab
629 1773 665 1815 eo
693 1773 762 1816 esse
788 1750 911 1816 factam
942 1760 974 1817 et
1004 1754 1184 1837 exemplum
1206 1756 1237 1818 in
1262 1777 1299 1820 cc
1324 1777 1397 1820 esse

178 1857 394 1936 statuendum,
417 1878 457 1920 ne
472 1856 527 1919 alii
542 1855 654 1920 eadem
670 1855 819 1918 audeant.
850 1853 939 1920 Nam
954 1857 1000 1920 sic
1015 1856 1127 1922 melius
1142 1879 1239 1939 quam
1255 1859 1398 1942 scriptor

179 1960 258 2042 ipse,
281 1981 365 2042 quae
388 1958 493 2024 dicere
516 1956 662 2037 voluerit,
686 1957 909 2039 exprimemus.
956 1957 1021 2024 Sed
1036 1960 1143 2042 priore
1159 1966 1252 2042 parte
1269 1961 1400 2042 periodi

178 2064 341 2146 sequentis
358 2065 646 2126 commemorantur
662 2081 724 2123 non
740 2059 844 2124 solum
861 2057 987 2140 delicta,
1005 2082 1087 2144 quae
1108 2063 1163 2126 ille
1179 2063 1396 2144 commiserat,

177 2167 235 2232 sed
257 2168 354 2232 etiam
376 2185 489 2248 poena,
513 2184 578 2246 qua
600 2169 671 2227 erat
693 2161 838 2226 affectus.
884 2161 923 2226 cf.
947 2160 1005 2226 ἐπὶ
1026 2161 1085 2245 μὲν
1108 2161 1167 2248 γὰρ
1188 2154 1236 2238 οἷς
1250 2159 1286 2246 ἔξ
1301 2159 1400 2253 ἀρχῆς

126 2287 129 2294 ·
179 2266 305 2358 παρέβη
326 2266 401 2343 τοὺς
422 2265 544 2349 νόμους,
568 2263 610 2330 τὰ
633 2260 791 2354 ὀφλήματ’
816 2259 906 2352 αὐτῷ
928 2263 1059 2349 γέγονεν.
1104 2266 1222 2332 Altera
1244 2274 1337 2351 parte
1360 2289 1399 2334 ea

180 2374 341 2438 sententia
364 2371 571 2454 exprimitur,
600 2369 706 2450 illum,
736 2371 813 2452 quia
842 2390 907 2433 non
929 2371 1126 2451 acquieverit
1148 2371 1181 2434 in
1203 2371 1253 2436 his
1275 2372 1398 2450 multis,

179 2477 213 2540 id
237 2483 295 2558 est,
319 2475 395 2558 quia
417 2474 523 2556 capite
547 2473 743 2552 deminutus,
777 2493 874 2536 ausus
906 2472 948 2536 sit
978 2475 1011 2536 in
1042 2472 1112 2538 foro
1145 2475 1266 2538 versari
1297 2482 1399 2558 atque

179 2580 266 2664 apud
287 2578 441 2663 populum
458 2575 647 2654 contionari,
670 2575 801 2638 nuncin
817 2575 867 2638 ius
883 2575 998 2654 vocari,
1015 2582 1053 2640 ut
1069 2576 1214 2661 (iterum)
1232 2579 1398 2662 puniatur.

179 2684 218 2748 cf.
242 2681 300 2748 ἐπὶ
323 2677 351 2747 δ’
376 2669 424 2754 οἷς
446 2674 504 2743 οὐκ
527 2675 652 2760 ἐμμένει
675 2675 810 2756 τούτοις,
835 2679 889 2740 νῦν
911 2674 969 2740 ἐπὶ
983 2676 1048 2764 ,τὴν
1071 2674 1150 2761 παρ’
1174 2675 1263 2762 δμιῦν
1286 2675 1401 2765 dysme

179 2783 344 2872 τιμωρίαν.
397 2785 489 2848 Ηο00
521 2803 718 2864 quamquam
751 2780 793 2843 ad
824 2780 912 2844 litem
944 2782 1047 2864 ipsam
1080 2782 1252 2865 pertinent,
1288 2791 1399 2854 tamen

180 2892 309 2954 minime
331 2887 529 2971 respondent
558 2884 758 2948 distinctioni
787 2905 885 2966 supra
912 2885 1115 2950 constitutae.
1162 2887 1208 2950 Et
1231 2886 1280 2950 his
1304 2891 1399 2971 nugis

178 2995 315 3078 prolatis
338 2989 465 3055 videtur
488 2995 602 3054 auctor
617 2987 678 3052 sibi
697 2987 942 3067 demonstrasse,
966 2988 1088 3054 nullam
1104 3011 1233 3054 causam
1250 2990 1398 3072 relinqui,

180 3119 332 3162 currens
354 3101 464 3180 posset
486 3091 624 3158 absolvi!
671 3091 710 3156 cf.
739 3089 823 3155 ὥστε
848 3087 1004 3177 μηδεμίαν
1030 3089 1289 3157 καταλείπεσθαι
1319 3091 1397 3177 πρό-

180 3223 288 3289 φασιν,
313 3196 353 3265 δι)
377 3193 414 3287 ἣν
435 3193 474 3264 dv
495 3221 544 3273 τις
566 3191 664 3262 αὐτὸν
686 3190 793 3282 ἀφείη.

266 3304 340 3390 1οξ
359 3309 397 3368 18
419 3302 560 3385 accingit
581 3321 615 3364 se
631 3300 674 3364 ad
694 3299 888 3364 refellendos
910 3317 982 3374 eoa,
1007 3297 1062 3381 qui
1084 3296 1208 3377 dicant,
1232 3297 1397 3362 civitatem

181 3430 219 3472 ex
248 3408 298 3470 his
319 3407 415 3471 rebus
444 3406 569 3470 nullum
602 3403 830 3468 detrimentum
858 3421 981 3484 capere.
1027 3399 1142 3482 Longa
1164 3401 1396 3482 praeteritione

180 3511 356 3594 praemissa
371 3508 541 3594 profitetur
556 3508 641 3571 clare
664 3528 696 3570 se
719 3505 1024 3584 demonstraturum,
1048 3524 1174 3568 omnem
1195 3503 1396 3586 disciplinam

180 3614 287 3696 legum
317 3618 350 3676 et
377 3611 587 3695 reipublicae,
617 3617 772 3692 quantum
795 3609 934 3672 attineat
956 3606 997 3668 ad
1020 3605 1286 3686 Aristogitonem,
1309 3606 1396 3672 labe·

182 3716 261 3780 fieri.
306 3715 345 3779 cl.
370 3715 388 3802 ξ
414 3718 452 3778 19
483 3707 555 3778 ἀλλ’
587 3709 638 3776 ὅτι
668 3709 724 3775 καί
747 3705 853 3786 aare
882 3712 938 3796 τῆς
967 3706 1092 3782 πόλεως
1120 3707 1174 3774 καί
1201 3713 1266 3774 τῶν
1291 3707 1397 3793 νόμων

182 3816 316 3902 κόσμος,
342 3807 368 3882 ὦ
391 3812 500 3902 ι’ίνδρες
509 3811 688 3901 Ἀθηναῖοι,
712 3811 961 3899 συνταράττεται
988 3810 1043 3876 καὶ
1067 3808 1291 3898 διαφθείρεται
1313 3812 1397 3880 κατὰ

180 3925 309 4001 τοῦτον,
325 3919 380 3986 καί
401 3913 494 3984 ταῦτ’
519 3910 608 4001 οἶμαι
631 3919 747 4006 σαφῶς
767 3913 842 3999 ὑμῖν
861 3911 1044 3995 ἐπιδείξειν.
1082 3917 1302 3997 'Expectamus
1317 3917 1395 3998 fore,

179 4031 217 4088 nt
238 4025 418 4088 sententiae
443 4043 526 4106 quae
550 4021 568 4108 ξ
591 4027 610 4084 8
634 4026 666 4084 01
687 4025 706 4083 9
730 4020 871 4084 breviter
894 4019 1107 4083 adumbratae
1129 4024 1220 4100 811111,
1244 4018 1395 4084 hocloco

180 4127 311 4191 1111011118
349 4126 568 4209 explicentur,
614 4130 652 4188 ut
696 4122 931 4206 Aristogitonis
967 4122 1167 4205 impudentia
1203 4121 1395 4204 depingatur

181 4229 399 4312 exemplisque
432 4229 621 4306 illustretur,
654 4232 691 4290 ut
719 4226 924 4291 describatur
952 4231 1074 4308 quanto
1102 4223 1294 4290 detrimento
1322 4224 1395 4288 talis

179 4332 326 4414 licentia,
364 4333 390 4396 si
426 4331 529 4413 magis
563 4329 730 4412 magisque
767 4329 800 4392 in
831 4328 901 4394 loro
932 4329 1163 4409 inveterascat,
1200 4327 1394 4411 reipublicae

180 4433 291 4498 lutura
314 4435 366 4498 sit.
411 4433 476 4500 Sed
498 4434 616 4498 iterum
639 4433 821 4516 expectatio
837 4432 1005 4516 decipitur.
1044 4431 1141 4512 Nam,
1165 4437 1340 4514 antequam
1355 4429 1395 4494 ad
