3102 4910
752 249 796 311 44

175 447 226 511 vel
251 443 408 530 περιιέναι
432 445 530 532 (κατὰ
551 446 608 537 τὴν
631 444 771 536 ἀγοράν),
793 451 879 533 quod
901 457 1057 534 tanquam
1072 453 1204 518 verbum
1219 454 1391 536 proprium

173 549 267 612 huius
291 550 337 612 rei
360 556 409 613 est
431 550 483 636 (cf.
509 553 601 616 Dem.
625 558 675 632 21,
700 558 749 632 36,
778 559 846 627 104,
873 557 942 634 198,
965 559 1028 619 204
1056 555 1166 622 multis
1187 556 1258 620 aliis
1280 557 1388 637 locis).

173 652 213 715 ld
236 673 364 734 quoque
387 653 535 718 falsarius
558 656 686 736 saepius
708 657 875 739 usurpavit
897 656 937 722 ef.
960 663 979 739 ξ
1003 663 1052 736 51,
1076 663 1126 738 52,
1150 663 1200 738 85,
1227 662 1277 730 74.

259 770 278 858 ξ
307 777 356 834 50.
398 769 448 848 τίς
485 768 561 852 ἀξία
598 771 750 858 τιμωρία,
793 773 936 852 θάνατος
967 775 1025 859 μέν
1058 775 1117 864 γὰρ
1149 773 1256 862 ἔμοιγε
1287 777 1391 864 μικρὰ

173 869 321 958 φαίνεται
350 905 390 930 :2
420 881 469 957 21,
500 882 539 938 02
572 879 628 962 τῆς
661 899 694 960 γε
727 875 845 963 ὕβρεως
873 877 972 966 μικρὰ
1005 879 1086 966 (scil.
1121 877 1208 968 δίκη)
1242 879 1391 957 θάνατος

173 972 332 1062 φαίνεται.
740 995 744 1006 ’

259 1097 277 1182 ξ
301 1103 350 1160 63.
389 1088 444 1160 εἶτ’
466 1091 524 1160 οὐκ
546 1093 748 1178 αἰσχύνεσθε,
777 1089 804 1162 εὖ
826 1095 935 1186 ἄνδρες
953 1096 1130 1188 Ἀθηναῖοι,
1154 1098 1245 1167 εὶ-
1266 1134 1310 1158 --
1333 1109 1387 1184 20,

177 1204 247 1279 135,
271 1200 326 1263 ubi
350 1199 462 1264 eadem
483 1201 582 1265 verba
604 1201 763 1283 leguntur.

258 1319 276 1405 ξ
301 1325 350 1383 69.
388 1315 523 1407 ἡγοῦμαι
548 1317 653 1384 τοίνυν
683 1319 739 1384 καὶ
766 1319 841 1406 περὶ
868 1325 924 1409 τῆς
953 1319 1126 1404 ἐνδείξεως,
1158 1323 1180 1389 ἱί
1203 1347 1258 1406 μοι
1282 1349 1390 1411 παροι-

172 1416 296 1486 λείπειν
318 1418 407 1502 ἔδοξε
429 1427 632 1507 Λυκοῦργος,
655 1421 782 1506 βέλτιον
803 1415 884 1488 εἶναι
907 1423 989 1512 πρὸς
1010 1423 1092 1510 ὑμᾶς
1113 1423 1218 1492 εἰπεῖν
1233 1459 1274 1484 =
1290 1433 1343 1508 22,
1368 1433 1387 1492 3

173 1521 195 1586 ἶν’
214 1548 269 1606 μοι
294 1526 493 1612 παραλιπεῖν
507 1521 682 1614 Εὐκτήμων
703 1524 816 1607 ἐδόκει,
830 1525 956 1610 βέλτιον
971 1524 1002 1593 d'
1020 1525 1102 1613 ὑμᾶς
1115 1524 1260 1610 ἀκοῦσαι,
1281 1534 1389 1594 ταῦτα

172 1625 348 1707 διεξελθεῖν
370 1627 403 1691 έν
423 1626 553 1714 βραχέσι
578 1626 785 1712 πειράσομαι.

263 1749 281 1834 ξ
304 1754 354 1812 81.
393 1744 426 1812 τί
447 1738 502 1812 οὖν
525 1746 650 1829 λοιπόν,
674 1739 700 1812 al
722 1743 831 1835 ἷίνδρες
848 1745 1030 1837 Ἀθηναῖοι,
1052 1744 1121 1816 ἃ·-
1143 1747 1231 1834 ὗμών
1252 1748 1392 1830 ἕκαστος

175 1846 254 1930 έχων
276 1845 404 1914 οἴκοθεν
426 1846 562 1937 ἔρχεται,
593 1847 694 1933 έλεον,
723 1849 921 1940 συγγνώμην,
952 1851 1205 1940 φιλανθρωπίαν
1218 1885 1252 1910 =
1266 1859 1316 1936 21,
1335 1861 1403 1924 99..

171 1949 204 2017 τί
227 1943 280 2017 οὖν
303 1949 500 2040 ὑπόλοιπον,
523 1953 648 2042 ἐλεῆσαι
671 1952 707 2044 νὴ
730 1951 806 2020 Δία.

175 2137 179 2146 ,
255 2072 274 2156 ξ
298 2078 348 2136 83.
386 2070 471 2149 τίνος
493 2072 528 2137 δὲ
551 2069 775 2164 συγγνώμηςῆ
796 2071 901 2140 ποίων
916 2072 1012 2139 ἐλέων
1028 2071 1058 2140 οἱ
1075 2075 1390 2164 σεσυκοφαντημένοι

170 2173 359 2262 τετυχήκασι
382 2165 480 2261 παρὰΙ
494 2175 607 2240 τούτου
622 2215 663 2239 =
680 2183 730 2258 21,
756 2182 815 2242 106
838 2173 923 2254 τίνεις
944 2177 1127 2267 συγγνώμης
1149 2174 1169 2267 ἢ
1189 2176 1275 2256 τίνος
1296 2178 1390 2246 ἐλέου

176 2263 309 2354 δικαίως
329 2276 473 2359 τεύξεται
497 2274 573 2365 παρ’
597 2275 687 2362 ὑμῖν,

259 2401 277 2483 ξ
301 2404 351 2462 84.
390 2404 495 2487 παρῆν
520 2399 575 2465 καί
604 2399 769 2488 ἐξητάζετο
790 2431 831 2456 =
856 2405 905 2481 18,
928 2405 989 2464 217
1013 2404 1119 2488 παρῆν
1141 2399 1197 2466 καὶ
1218 2399 1390 2484 μετὰτῶν
1421 2469 1424 2480 ,

172 2495 277 2578 ἄλλων
298 2499 474 2588 ἐξητάζετο.

257 2604 276 2688 ξ
300 2610 350 2668 92.
386 2603 527 2687 μάλιστα
553 2602 612 2688 μέν
639 2600 727 2691 αὐτῷ
752 2602 897 2669 θανάτου
919 2608 1062 2692 τιμῆσαι,
1091 2600 1120 2670 εἰ
1142 2603 1178 2669 δὲ
1198 2603 1252 2694 μή,
1274 2611 1386 2670 τοσοῦ-

172 2729 227 2768 τον
256 2705 423 2771 ἐπιθεῖναι
450 2689 571 2794 τίμημα
600 2703 661 2772 κτίι
682 2739 724 2764 =
747 2713 802 2788 21,
837 2712 907 2771 152.
951 2711 1047 2772 τσῦτο
1076 2702 1108 2772 δ’
1139 2705 1209 2772 ἐστὶ
1241 2706 1387 2790 μάλιστα

170 2805 229 2888 μέν
249 2807 401 2890 θάνατος,
425 2806 453 2874 εὶ
476 2808 511 2874 δέ
532 2808 585 2898 μή,
610 2809 720 2875 πάντα
740 2808 782 2874 τὰ
805 2804 883 2875 lima
905 2804 1096 2897 ἀφελέσθαι.

256 2914 349 2998 ι898.
386 2911 495 2988 ποίοις
528 2911 720 2997 προσώποις
752 2905 772 3000 ἢ
804 2908 889 2978 τίσιν
922 2907 1108 3000 ὀφθαλμοῖς
1136 2910 1219 3000 πρὸς
1247 2908 1386 2978 ἕκαστον

170 3013 292 3079 τούτων
320 3011 546 3100 depellerem,
569 3047 608 3072 :r
634 3022 687 3096 18,
716 3021 777 3080 201
808 3013 875 3082 τίσι
906 3013 937 3080 ‹l'
970 3010 1156 3103 ὀφθαλμοῖς
1189 3012 1272 3101 πρὸς
1301 3014 1387 3093 Διὸς

170 3113 316 3202 έωριῦμεν
338 3113 377 3182 ἂν
398 3114 469 3185 aad.

256 3221 274 3306 ξ
301 3227 370 3285 100.
408 3218 458 3297 τίς
476 3219 493 3286 ὁ
510 3226 566 3310 τῆς
579 3219 693 3286 τούτου
710 3217 921 3306 πονηρίας-
937 3221 1138 3307 κληρονομεῖν
1151 3221 1384 3310 βουλησόμενος

169 3353 212 3375 τ.-
236 3328 284 3401 18,
308 3329 379 3388 320.
423 3324 541 3413 ταύτης
562 3323 621 3411 γὰρ
643 3319 745 3388 οὐκέτ’
770 3320 832 3408 ε’γὼ
854 3327 910 3413 τῆς
930 3319 1078 3410 αἰσχύνης
1099 3324 1291 3410 κληρονομῶ.

254 3426 273 3512 ξ
300 3427 445 3514 100.(ο1.
470 3429 488 3514 ξ
511 3431 566 3514 98)
595 3423 615 3516 ἢ
639 3423 672 3491 τί
699 3425 811 3513 ἐρεῖτε,
842 3416 1000 3512 ώῖίνόρες
1017 3421 1196 3513 Ἀθηναῖοι,
1219 3423 1252 3491 τί
1274 3425 1382 3514 ἐρεῖτε,

169 3522 207 3589 dv
236 3551 286 3606 τις
313 3524 395 3611 ὑμᾶς
422 3529 526 3620 ἐρωτᾷ
553 3527 708 3616 γνωρίσας
735 3527 810 3604 τοὺς
839 3523 1147 3616 ἀπηψηφισμένους,
1188 3526 1221 3594 τί
1249 3528 1383 3618 φήσετε,

168 3659 209 3684 =
232 3637 262 3709 8,
285 3635 335 3694 37.
379 3626 418 3696 ἂν
443 3637 546 3698 ταῦτα
572 3632 714 3719 λέγωσιν,
741 3627 774 3696 τί
796 3629 924 3718 ἐροῦμεν
945 3626 1015 3718 'rjai
1037 3629 1193 3719 φήσομεν,
1224 3622 1250 3695 ώ
1273 3627 1384 3719 ἄνδρες

164 3728 349 3820 Ἀθηναῖοι,
605 3751 606 3756 ’
774 3728 778 3736 ’

253 3837 360 3904 Valde
382 3839 542 3920 placuisse
564 3839 687 3902 rhetori
710 3838 836 3902 videtur
859 3825 1035 3901 formula'li
1057 3833 1100 3922 μη
1122 3832 1244 3919 γένοιτο
1266 3837 1383 3902 similia

169 3939 207 4002 cf.
232 3947 360 4022 praeter
382 3941 401 4026 ξ
425 3945 475 4020 31,
499 3963 563 4023 qua
580 3941 807 4006 Demosthenis
820 3940 927 4003 locum
952 3945 1000 4018 10,
1017 3942 1079 4002 285
1096 3939 1262 4022 expressit,
1286 3938 1305 4024 ξ
1329 3944 1380 4019 30,

169 4046 218 4120 32,
242 4045 282 4106 95
315 4035 333 4107 ὃ
359 4042 439 4130 μήτε
467 4039 535 4130 ἰδίη
562 4042 641 4130 μήτε
668 4038 805 4130 δημοσίᾳ
828 4040 965 4126 γένοιτο,
996 4041 1079 4129 §75
1115 4036 1173 4106 οὐκ
1195 4037 1269 4106 ἔστι
1285 4045 1381 4108 τοῦτο

167 4142 326 4227 γενέσθαι,
350 4146 429 4235 μηδὲ
453 4145 584 4230 γένοιτο,
609 4147 627 4231 ξ
644 4151 684 4209 86
709 4140 781 4208 olive
796 4143 855 4228 γὰρ
871 4140 939 4209 ἔστι
954 4142 1033 4230 μίμε
1048 4141 1171 4227 γένοιτο
1185 4147 1289 4223 τοῦτο,
1313 4141 1379 4210 οὔτ’

167 4244 228 4330 ἐγώ
244 4245 369 4330 νομίζοι.
406 4250 499 4313 Haec
515 4271 642 4331 queque
657 4271 696 4312 ex
711 4249 930 4313 Demosthene
947 4247 1059 4311 didicit
1077 4247 1131 4332 (el.
1147 4251 1176 4328 8,
1194 4253 1234 4310 68
1251 4241 1382 4336 ἀναιδὴς

168 4345 232 4414 οὔτ’
249 4346 314 4432 εἰμί.
329 4349 407 4439 μήτε
422 4348 575 4438 γενοίμην,
594 4357 643 4433 10,
659 4355 733 4430 143,
751 4355 801 4432 21,
814 4355 890 4427 209,
908 4355 936 4431 8,
950 4355 1007 4429 51,
1024 4350 1158 4432 simplex
1173 4341 1191 4414 ὃ
1205 4347 1381 4438 μηγένοιτο

72 4516 75 4523 .
166 4459 256 4518 extat
287 4458 334 4534 15,
365 4459 419 4530 21,
448 4460 498 4536 27,
525 4461 580 4534 67,
610 4460 660 4534 28,
689 4459 745 4532 21,
776 4459 825 4532 36,
848 4457 900 4517 49.
951 4452 989 4516 cf.
1018 4453 1115 4517 etiam
1141 4453 1218 4534 Lya
1248 4459 1296 4534 10,
1322 4459 1379 4534 38,
