3102 4910
709 316 711 322 .
762 259 801 322 la

261 463 323 527 His
351 465 535 547 praemissis
566 465 660 530 facile
689 463 904 546 intelligemus
938 463 1039 527 simile
1067 461 1149 526 illud
1176 463 1390 546 praeclarum,

177 588 241 648 quo
275 566 510 632 Demosthenes
538 589 615 632 usus
645 571 702 631 est.
761 565 812 628 Eo
847 570 895 629 est
925 566 1085 630 sententia
1115 565 1317 649 principalis,
1351 572 1391 632 ut

176 670 374 751 ostendatur,
405 671 540 734 Midiam
567 670 734 752 indignum
756 689 825 733 esse
848 669 936 733 cuius
959 669 1099 750 aliquem
1121 668 1282 748 misereat,
1311 669 1391 751 quia

175 772 243 854 ipse
284 772 437 837 adversus
478 775 559 838 alios
600 793 776 855 numquam
815 771 1054 836 misericordem
1102 793 1135 834 se
1180 771 1390 854 praestiterit.

177 873 354 940 Scitissime
383 881 491 939 autem
518 875 767 953 Demosthenes,
797 895 1009 957 quaecunque
1039 874 1184 938 homines
1209 875 1391 957 pervitam

176 977 313 1057 l'aciunt,
338 1000 409 1042 cum
434 979 571 1061 stipibus
594 983 773 1060 comparat,
798 997 881 1058 quae
903 977 1013 1041 amicis
1035 976 1294 1060 periclitantibus
1315 997 1391 1041 con-

176 1079 334 1144 feruntur.
379 1081 498 1147 Varias
526 1081 605 1145 dicit
633 1081 732 1162 stipes
761 1101 781 1144 a
811 1080 944 1163 singulis
974 1081 1156 1146 hominibus
1183 1101 1242 1162 pro
1264 1101 1391 1144 morum

179 1182 365 1247 diversitate
401 1183 553 1262 conferri,
589 1183 669 1247 alios
702 1182 936 1264 benignitatem
970 1187 1002 1247 et
1041 1183 1276 1248 humanitatem
1311 1203 1392 1265 erga

176 1291 299 1350 ceteros
321 1291 489 1368 praestare
505 1307 542 1350 ac
557 1286 732 1350 multorum
754 1286 899 1368 pericula
914 1285 1091 1350 sublevare.
1125 1285 1251 1369 Quibus
1266 1290 1392 1350 ceteros

177 1410 304 1472 quoque
334 1390 367 1453 in
395 1390 566 1454 discrimen
593 1389 714 1454 vocatis
745 1388 880 1453 eandem
902 1390 1019 1472 stipem
1047 1388 1207 1452 resolvere
1229 1395 1401 1476 oportere..

176 1487 326 1556 Aliorum
341 1497 449 1556 autem
465 1493 580 1574 stipem
597 1511 665 1555 esse
681 1491 896 1574 petulantiam
913 1499 945 1556 et
960 1491 1144 1576 superbiam
1161 1496 1194 1556 et
1208 1490 1391 1556 inhumani-

175 1598 287 1672 tatem,
309 1594 420 1675 itaque
441 1595 589 1676 indignos
612 1615 690 1673 esse,
715 1595 832 1677 quibus
849 1595 948 1660 ceteri
962 1594 1214 1658 misericordiam
1232 1592 1391 1660 tribuant.

176 1695 223 1759 Et
258 1696 344 1760 inter
369 1697 442 1772 hos,
472 1719 537 1761 non
566 1697 651 1760 inter
678 1695 750 1760 illos
777 1697 912 1762 Midiam
941 1719 1009 1763 esse
1036 1696 1281 1762 numerandum.
1334 1696 1391 1780 (cf.

175 1799 351 1864 sententias
373 1799 491 1864 similes
514 1799 592 1884 Lyc.
617 1802 688 1878 143,
705 1805 738 1863 οῖ
760 1799 854 1864 Dom.
879 1805 929 1879 59,
953 1806 986 1879 ὃς
1011 1799 1106 1864 huius
1128 1799 1285 1864 orationis
1308 1799 1327 1884 ξ
1349 1803 1391 1864 58

177 1905 209 1964 et
231 1905 287 1976 81,
318 1901 357 1965 cf.
389 1903 487 1966 etiam
509 1903 609 1966 Isocr.
636 1907 684 1981 10,
708 1907 726 1965 2
749 1909 782 1967 et
806 1907 855 1983 14,
879 1908 944 1988 57).
989 1903 1203 1986 Perspicuum
1225 1907 1274 1966 est
1296 1908 1329 1966 et
1352 1921 1392 1966 ex

176 2008 245 2068 tcto
277 2006 512 2070 sententiarum
544 2025 667 2068 conexu
697 2011 730 2068 et
760 2027 799 2068 ex
828 2006 934 2071 verbis
965 2027 1049 2088 quae
1080 2013 1155 2071 suut
1182 2007 1216 2070 in
1245 2011 1392 2070 extrema

177 2104 196 2190 ξ
227 2110 285 2169 101
318 2104 372 2188 (ub
401 2103 440 2191 δὴ
469 2104 638 2194 πληρωτὴς
665 2101 812 2171 τοιοάτοο
840 2107 974 2193 γεγονὼς
999 2105 1110 2193 ἐράνου
1132 2110 1256 2194 σεαυτῷ
1277 2110 1393 2172 τοῦτον

177 2204 301 2284 δίκαιος
330 2200 357 2272 εἶ
391 2206 623 2292 συλλέξασθαι)
655 2207 774 2294 ἐράνων
806 2209 979 2298 πληρονοάς
1015 2209 1196 2294 significare
1226 2233 1296 2290 eos,
1333 2213 1391 2293 qui
1475 2277 1478 2284 ,
1547 2229 1548 2266 l

175 2312 273 2394 stipes
303 2312 428 2395 (amicis
460 2312 659 2396 petentibus)
692 2313 871 2379 conferunt.
921 2313 1012 2398 Quae
1045 2314 1271 2397 interpretatio
1305 2333 1391 2378 ccm-

174 2413 333 2496 probatur
355 2419 387 2478 et
410 2413 539 2480 not-ione
562 2415 650 2480 verbi
672 2416 813 2503 πληροῦν
835 2417 891 2502 (ε
909 2417 1045 2502 solvere)
1069 2423 1102 2480 et
1116 2415 1390 2500 Harpocrationis

177 2516 300 2597 glossa:
347 2514 515 2601 πληρωταὶ
549 2514 660 2602 ἐράνου
693 2515 723 2582 oi
757 2514 1056 2594 duodecime-ror
1087 2513 1197 2604 ἔρανον
1223 2523 1292 2596 τοῖς
1318 2513 1391 2608 ἤτοι

176 2619 326 2699 λαχοῦσιν
354 2613 591 2706 ἢέωνημένοις.
636 2613 697 2686 εἶεν
725 2616 796 2686 d'iir
824 2611 912 2686 οὗτοι
935 2623 970 2708 (i.
992 2643 1018 2687 e.
1042 2617 1073 2686 oi
1096 2622 1165 2701 λοχ.
1187 2617 1207 2709 ἢ
1229 2619 1313 2708 ἔων.)
1358 2618 1390 2688 oi

163 2718 253 2807 παρ’
277 2719 352 2811 ἡμῖν
373 2721 562 2805 καλούμενοι
585 2720 763 2808 ἑρανάρχαι,
792 2746 875 2810 quae
899 2726 961 2789 hac
982 2746 1048 2790 una
1069 2725 1103 2788 in
1125 2745 1160 2788 re
1183 2725 1288 2790 minus
1312 2747 1390 2810 qua-

177 2827 251 2890 drat
275 2826 318 2890 ad
340 2827 426 2890 locos
441 2825 616 2905 Midianae,
640 2829 726 2910 quod
740 2829 984 2911 Harpocration
1007 2828 1046 2892 de
1062 2833 1220 2912 perpetua
1230 2829 1391 2894 'societate

148 2930 312 3012 ¹cogitat,
342 2930 373 2992 in
407 2951 471 3013 qua
500 2929 677 2994 secundum
704 2931 808 3015 legem
837 2930 1001 3014 quandam
1024 2931 1124 3012 stipes
1147 2930 1188 2995 ab
1210 2932 1391 2997 eranarcha

176 3033 382 3116 colliguntur.
428 3033 584 3117 Hesychii
605 3034 746 3116 glossae:
770 3031 952 3122 πληρωτής·
977 3031 1087 3119 ἐράνου
1109 3031 1290 3117 συναγωγάς
1311 3035 1346 3116 (i.
1364 3057 1390 3100 e.

175 3137 202 3199 is
224 3138 280 3218 qui
302 3136 423 3218 colligit
444 3157 578 3200 eranum
593 3165 635 3192 =
649 3137 838 3217 eranaroha,
861 3138 922 3201 nisi
944 3136 1027 3200 sorte
1048 3136 1237 3201 vertendum
1260 3143 1324 3202 est:
1351 3139 1389 3220 is,

176 3239 231 3321 qui
261 3261 327 3303 una
358 3237 445 3324 (cum
472 3240 602 3324 ceteris)
632 3241 748 3324 stipem
778 3241 883 3321 solvit,
915 3240 1001 3323 quod
1026 3238 1177 3304 Hclstius
1199 3239 1219 3304 l.
1248 3261 1274 3303 c.
1303 3241 1390 3322 fecit,

175 3341 324 3424 equidem
348 3341 453 3405 facere
473 3363 538 3406 non
559 3342 678 3429 audeo)
700 3343 790 3407 nulla
811 3343 890 3408 fides
913 3349 963 3408 est
984 3342 1167 3408 tribuenda.
1212 3341 1299 3407 Nam
1322 3345 1390 3410 sine

176 3445 274 3509 dubio
297 3466 336 3508 ex
352 3444 466 3508 iisdem
482 3445 571 3526 locis,
595 3467 674 3527 quos
689 3468 776 3510 nunc
790 3447 947 3512 habemus
964 3445 1090 3528 (addito
1104 3445 1176 3509 loco
1191 3467 1230 3510 ex
1245 3447 1391 3513 oratione

175 3545 334 3610 Dinarchi
361 3547 479 3610 amissa
508 3548 546 3611 cs.
579 3547 740 3633 Harpocr.
767 3547 932 3634 glossam),
956 3547 1104 3613 derivata
1126 3553 1184 3612 est.
1229 3548 1275 3612 ut
1296 3549 1391 3615 facile

174 3649 244 3712 fieri
267 3649 386 3730 potuit,
417 3654 454 3712 ut
481 3652 711 3732 grammaticus
741 3652 857 3734 aliquis
881 3651 1095 3734 posteriorum
1117 3655 1314 3733 temporum,
1338 3655 1391 3718 cui

176 3773 237 3815 vox
266 3751 377 3834 ignota
407 3760 491 3834 erat,
525 3775 595 3816 cum
626 3753 857 3820 Demosthenis
885 3755 973 3818 locos
999 3753 1136 3837 legeret,
1159 3759 1306 3837 putaret,
1336 3748 1391 3831 οὓς

175 3851 360 3938 συλλέγουσί
374 3877 456 3930 τινες
476 3861 508 3919 et
523 3843 567 3918 ὧν
586 3857 753 3944 πληρωταὶ
776 3854 936 3942 γίγνονται
951 3877 1020 3921 esse
1037 3857 1174 3936 eosdem,
1197 3859 1390 3940 praesertim

175 3977 247 4020 cum
283 3956 541 4040 Aristogitoniae
575 3957 665 4024 locus
702 3961 786 4026 hanc
828 3961 929 4026 solam
966 3959 1267 4042 interpretationem
1305 3959 1390 4027 ferre

174 4060 346 4125 videretur.

174 4231 246 4284 nihil
264 4247 411 4284 commune
435 4233 477 4283 est
501 4232 613 4298 praeter
634 4232 751 4285 verbum
770 4237 876 4308 ἔρανος,
900 4233 974 4301 quod
999 4231 1033 4284 de
1051 4232 1123 4300 stipe
1141 4230 1280 4284 collaticia
1299 4231 1389 4284 cuius-

174 4317 245 4370 libet
267 4317 378 4388 generis
402 4319 560 4385 usurpatur.
598 4316 716 4372 Rectius
744 4319 778 4373 de
807 4320 850 4372 bis
877 4319 960 4373 rebus
987 4317 1154 4370 disseruisse
1181 4315 1251 4370 mihi
1277 4315 1390 4369 videtur

175 4403 197 4456 1.
226 4403 261 4456 de
287 4403 431 4467 Horatius,
457 4403 499 4456 De
522 4404 614 4456 enanis
636 4409 764 4458 veterum
786 4405 959 4459 Graecorum
980 4402 1121 4471 imprimis
1145 4420 1179 4456 ex
1202 4404 1263 4456 iure
1281 4401 1389 4467 Attico,

174 4489 264 4556 bugd·
287 4487 376 4526 ”elev
405 4489 471 4542 ¹⁸32
487 4506 514 4559 p.
533 4489 567 4542 7³
585 4505 625 4559 sq.
647 4501 662 4526 ⁸
