3102 4910
721 255 820 332 ,18

284 458 349 530 Sed
371 461 446 530 licet
470 460 595 531 duobus
617 464 738 532 ultimis
755 445 848 532 annis
871 467 994 532 nullum
1017 471 1178 533 oratorem
1198 465 1232 531 in
1253 461 1303 530 ius
1318 483 1412 531 voca-

197 567 288 648 verit,
311 587 417 632 nonne
440 567 503 632 hoc
523 569 629 652 ipsum
651 569 814 634 silentium
834 575 908 653 post
922 569 1053 635 assidua
1067 569 1125 634 illa
1139 569 1235 651 bella,
1259 570 1412 652 suspicio·
1519 607 1520 614 1

197 691 271 734 nem
294 668 424 735 movet?
467 669 555 736 Nam
578 677 653 741 ante
675 671 755 736 illud
777 670 942 737 biennium
964 678 997 738 et
1011 673 1263 738 Demosthenem
1279 673 1413 755 eiusque

197 771 331 855 amicos,
364 779 397 837 et
424 772 645 856 Hegemonem
679 779 712 839 et
740 772 922 838 Demadem
953 779 986 839 et
1015 774 1204 840 Democlem
1232 779 1265 839 et
1293 774 1413 839 multos
1519 823 1520 832 t

195 875 276 940 alios
305 876 564 942 accusationibus
592 877 731 958 vexavit,
770 875 895 941 duobus
929 866 1037 942 autem
1064 879 1186 944 ultimis
1216 875 1308 941 annis
1336 875 1411 942 illos
1519 881 1520 890 ²

195 977 290 1061 plane
319 979 544 1063 conquiescere
572 1001 686 1064 passus
715 987 778 1060 est,
808 979 864 1045 sed
893 985 925 1044 et
946 979 1124 1046 Phocidem
1146 986 1179 1046 et
1201 979 1349 1064 opificem
1378 985 1412 1045 et

196 1085 338 1146 sutorem
370 1081 423 1164 (cf.
442 1081 473 1168 ξ
504 1082 559 1168 38)
592 1088 625 1148 et
651 1083 861 1166 Agathonem
888 1088 920 1146 et
948 1083 1197 1148 innumerabiles
1228 1081 1296 1147 iere
1326 1081 1408 1146 alios
1519 1131 1520 1186 3

195 1183 339 1249 homines
361 1185 505 1267 privatos
528 1185 703 1267 accusavit,
727 1191 824 1268 atque
846 1184 889 1265 id,
913 1205 1107 1268 quamquam
1123 1191 1268 1250 oratores
1284 1205 1412 1268 semper

193 1287 323 1370 impune
345 1285 520 1369 lacessivit,
544 1287 730 1352 Hieroclem
752 1293 876 1369 autem,
900 1287 1061 1352 hominem
1082 1289 1258 1371 privatum,
1281 1309 1351 1352 curn
1376 1289 1411 1351 in

194 1390 309 1482 capitis
338 1389 515 1473 peniculum
544 1389 746 1472 adduxisset,
774 1391 843 1473 ipse
874 1391 1017 1473 graviter
1046 1392 1177 1474 punitus
1207 1396 1265 1456 est.
1316 1389 1412 1454 Haec

193 1513 299 1556 nonne
321 1493 459 1576 speciem
481 1493 641 1558 mendacii
663 1514 740 1577 prae
764 1513 797 1558 se
820 1492 950 1558 lerunt?

277 1611 349 1676 Iam
376 1631 450 1676 vero
481 1613 619 1696 scriptor
649 1635 687 1678 ex
716 1613 777 1677 hoe
807 1613 933 1678 silentio
961 1618 1185 1696 argumentum
1214 1612 1316 1696 capit,
1345 1633 1411 1694 que
1519 1603 1520 1610 ¹

191 1715 378 1798 gravissime
399 1715 659 1798 Aristogitonem
682 1715 900 1798 perstringere
923 1715 984 1780 sibi
1005 1715 1142 1794 videtur,
1167 1713 1299 1797 dignum
1322 1713 1412 1798 quod
1519 1717 1520 1728 ’

192 1817 439 1882 consideremus.
484 1816 539 1884 Sic
561 1823 807 1900 argumentatur
830 1818 848 1902 ,8
870 1821 920 1898 38,
944 1817 1069 1882 duobus
1090 1817 1212 1882 ultimis
1235 1817 1327 1881 annis
1350 1837 1410 1880 neo

192 1939 307 1985 senec
328 1919 513 2004 Lycurgum
535 1942 638 2004 neque
662 1921 760 1984 alium
784 1939 980 2003 quemquam
1003 1941 1128 2002 eornm,
1152 1919 1267 2002 quibus
1289 1919 1409 1982 calum-

190 2017 261 2087 nias
279 2015 474 2105 'ingesturus
502 2022 560 2103 sit,
591 2023 632 2087 ab
660 2023 716 2102 illo
744 2043 812 2087 esse
834 2030 1030 2088 accusatum.
1073 2024 1215 2108 Propter
1235 2029 1410 2105 utrumque

191 2131 299 2190 autem
322 2146 395 2190 eum
416 2125 549 2208 dignum
572 2143 639 2190 esse
661 2126 716 2218 qui
738 2124 970 2208 interficiatur,
995 2132 1040 2206 et,
1064 2127 1091 2190 si
1113 2125 1264 2190 habuerit
1286 2125 1408 2189 crimen

190 2227 223 2291 in
254 2249 288 2292 se
317 2227 405 2312 quod
432 2227 588 2308 deferret,
622 2229 678 2292 sed
700 2229 787 2311 ipsos
810 2229 968 2310 omiserit,
997 2229 1140 2312 privatos
1162 2249 1333 2312 aggressus
1356 2229 1407 2308 sit,

191 2336 232 2410 et,
256 2330 284 2394 si
305 2352 369 2396 non
391 2329 553 2412 habuerit,
576 2329 633 2395 sed
656 2331 698 2395 ad
720 2316 841 2396 iudices
865 2331 1071 2416 decipiendos
1093 2331 1173 2396 talia
1195 2352 1280 2396 nunc
1301 2351 1407 2395 emen·

189 2431 308 2497 titurus
340 2433 390 2497 sit.
444 2433 564 2499 Totum
595 2432 745 2498 dilemma
776 2440 825 2499 est
855 2434 1037 2499 ridiculum.
1071 2433 1178 2498 'Nam
1208 2437 1335 2517 spectat
1366 2432 1409 2497 ad
1519 2499 1520 2522 ,

190 2533 303 2616 verbe,
331 2557 414 2618 quae
444 2537 571 2601 omnino
594 2535 736 2600 nondum
758 2535 847 2600 facta
870 2543 964 2602 erant
987 2536 1028 2600 ab
1051 2537 1286 2620 Aristogitone.
1331 2534 1409 2600 Non
1519 2579 1520 2584 κ

189 2633 275 2698 hunc
302 2635 336 2700 in
365 2636 497 2702 modurn
526 2645 671 2704 oratores
699 2639 830 2720 genuini
859 2645 1084 2724 argumentum
1108 2659 1147 2702 ex
1170 2639 1296 2702 silentio
1320 2637 1407 2719 quod

189 2743 324 2802 vocatur
353 2739 526 2821 adhibent,
558 2741 615 2806 sed
645 2741 672 2804 si
703 2742 774 2824 quis
805 2763 901 2825 quem
928 2746 1059 2807 accusat
1087 2741 1278 2806 delictorum
1305 2741 1408 2805 multo
1519 2719 1520 2752 ³

190 2847 266 2904 ante
295 2843 553 2924 commissorum,
585 2844 730 2909 obiciunt
757 2845 799 2925 ei,
830 2851 902 2927 cu'r,
928 2845 955 2908 si
978 2866 1052 2908 vera
1076 2845 1140 2908 sint
1163 2843 1311 2924 crimina,
1339 2849 1408 2907 tam

190 2942 247 3008 diu
274 2945 421 3008 tacuerit.
466 2943 567 3012 Velut
589 2945 827 3011 Demosthenes
850 2949 897 3012 sic
918 2948 1110 3032 perstringit
1131 2945 1328 3011 Aeschinem
1351 2945 1406 3032 (cs.

192 3050 240 3128 18,
266 3050 304 3110 13
328 3046 410 3133 sq.),
441 3053 539 3130 atque
567 3049 666 3113 rerba
696 3049 757 3114 hoc
783 3050 853 3114 loco
880 3051 997 3114 similia
1026 3056 1101 3115 sunt
1128 3049 1181 3130 iis,
1212 3067 1295 3130 quae
1319 3047 1406 3132 apud

188 3157 396 3232 personatum
416 3149 670 3215 Demosthenem
692 3153 859 3238 leguntur..
899 3153 938 3217 cf.
965 3157 1070 3235 18,13
1095 3145 1164 3216 ἀλλ’
1186 3146 1237 3236 ἐφ’
1255 3140 1303 3225 οἷς
1325 3144 1407 3214 ἄδι·
1519 3155 1520 3184 ¹

186 3250 337 3316 κοῦντά
365 3274 405 3335 με
434 3247 536 3337 ἑώρα
566 3251 633 3341 τὴν
664 3251 782 3319 πόλιν
803 3293 846 3304 --
869 3261 901 3320 et
931 3255 950 3342 ξ
985 3259 1026 3319 14
1054 3253 1110 3318 καὶ
1140 3251 1202 3341 μὴν
1231 3247 1314 3316 εἴτι
1343 3255 1408 3316 τῶν
1519 3321 1520 3340 ,

188 3349 292 3420 ἄλλων
323 3393 366 3403 —-
398 3349 619 3420 ἀδικοῦντά
647 3379 687 3438 με
712 3351 907 3444 egregium
934 3379 1006 3421 cum
1037 3361 1087 3438 25,
1119 3361 1160 3420 38
1187 3347 1293 3419 εἶδεν
1322 3350 1406 3420 ἄδι·
1519 3343 1520 3428 l

186 3460 356 3533 κοῢντας
387 3456 456 3546 τὴν
489 3455 623 3538 πόλιν,
660 3455 727 3541 ἐμὲ
760 3453 788 3522 d⁰
823 3454 890 3539 οὐχ
923 3454 1036 3544 ἑώρα.
1080 3459 1119 3524 ci.
1148 3459 1246 3523 etiam
1276 3463 1324 3538 18,
1356 3463 1405 3524 15.

186 3564 240 3624 νῦν
262 3555 290 3625 d'
313 3558 430 3636 ἐκστὰς
456 3563 521 3648 τῆς
542 3555 668 3648 ὀρθῆς
689 3559 757 3626 καὶ
779 3559 942 3638 decolor
964 3557 1057 3628 ὁδοῦ
1077 3559 1133 3626 καὶ
1156 3555 1309 3648 φεύγων
1329 3559 1404 3635 τοὺς
1519 3575 1520 3612 ³

186 3659 262 3751 παρ’
292 3658 375 3728 αὐτὰ
404 3661 446 3728 τὰ
472 3661 649 3750 πράγματα
677 3661 820 3749 ἐλέγχους
846 3687 919 3731 cum
948 3670 998 3746 25,
1023 3669 1073 3728 36.
1118 3655 1192 3728 οἶδα
1218 3658 1324 3727 τοίνυν
1351 3660 1403 3728 ὅτι
1519 3663 1520 3716 l

185 3765 252 3854 τὴν
287 3765 359 3849 μὲν
395 3762 519 3854 ὀρθὴν
557 3765 626 3831 καὶ
671 3764 829 3832 δικαίαν
870 3763 961 3834 ὁδὸν
1003 3771 1059 3857 τῆς
1095 3761 1275 3850 ἀπολογίας
1312 3753 1404 3841 οὗτος

186 3867 385 3957 φεύξεται.
452 3869 569 3954 Itaque
609 3869 695 3935 hunc
730 3871 837 3936 locum
873 3872 1019 3936 imitatus
1057 3877 1106 3936 est
1139 3869 1267 3950 rhetor,
1310 3867 1329 3954 d
1362 3873 1402 3932 37

185 3979 295 4038 antem
325 3973 368 4037 ad
404 3972 585 4056 exemplum
618 3971 695 4053 loci,
730 3975 785 4056 qui
813 3981 861 4039 est
890 3973 984 4038 Dem.
1018 3978 1070 4054 18,
1101 3975 1179 4052 249,
1217 3991 1402 4054 expressam

185 4095 269 4157 esse,
306 4075 371 4140 iarn
409 4075 530 4140 dudum
566 4075 626 4139 viri
662 4075 750 4140 docti
786 4077 945 4142 viderunt.
995 4073 1046 4141 Of.
1083 4079 1138 4155 18,
1179 4077 1241 4138 249
1278 4070 1403 4161 γραφὰς

184 4172 322 4253 ridicae
362 4172 560 4263 εἰσαγγελίας
595 4199 667 4242 oum
704 4179 738 4243 A
775 4184 826 4260 25,
865 4184 914 4242 37.
959 4171 1047 4241 ἑπτὰ
1090 4172 1224 4262 γραφὰς,
1274 4215 1308 4223 -—
1354 4171 1401 4240 εὐ-

183 4277 286 4356 θύνας
329 4319 371 4328 —-
412 4277 476 4362 δι’ς,·
529 4287 562 4346 et
611 4281 709 4346 verba
758 4279 901 4364 μάλιστα
955 4277 1014 4362 μὲν
1066 4275 1122 4343 διὰ
1170 4275 1245 4353 τοὺς
1293 4277 1398 4360 θεούς,

184 4381 327 4469 δεύτερον
353 4380 389 4446 δὲ
416 4378 456 4447 δι’
485 4369 568 4465 drocis
602 4381 658 4448 καὶ
686 4381 761 4458 τοὺς
788 4377 902 4460 ἄλλους
924 4377 1117 4470 Ἀθηναίους
1142 4378 1303 4468 ἐσωζόμην
1329 4401 1400 4446 cnm
