3102 4910
770 263 810 324 38

187 469 220 526 et
249 461 373 526 consilii
402 463 592 546 participem
624 463 771 528 reddant.
816 465 903 530 Nam
933 465 1014 530 haee
1044 483 1113 527 esse
1143 483 1226 544 quae
1256 461 1399 525 homines

187 563 230 629 ad
251 564 438 629 felicitatem
460 564 648 647 perducant.
696 565 798 650 Quod
813 573 850 632 ut
872 568 1072 650 comprobet,
1102 585 1212 629 omnes
1234 564 1398 629 hominum

187 688 292 732 mores
315 672 391 731 ante
414 667 523 731 oculos
545 668 639 732 nobis
662 671 821 753 proponit,
847 677 879 736 et
900 675 1022 749 narrat,
1046 667 1193 732 omnibus
1216 667 1398 731 civitatibus

188 792 256 838 esse
278 791 352 834 aras
376 776 409 834 et
431 771 552 853 templa
575 771 717 851 deorum,
742 777 774 836 et
794 774 880 837 inter
901 757 960 837 hos
983 773 1150 836 Minervae
1172 791 1301 854 quoque
1317 769 1398 833 Pru-

188 874 324 954 dentiae,
350 894 414 936 non
438 880 545 937 autem
568 875 728 939 amentiae
751 883 783 940 et
804 875 1033 958 impudentiae.
1080 873 1145 940 Sed
1167 875 1267 936 risum
1282 879 1398 951 movet,

188 976 275 1060 quod
318 976 431 1039 inserit
474 976 720 1059 descriptionem
762 978 876 1062 templi
917 978 1082 1041 Minervae
1118 977 1210 1039 iuxta
1245 976 1400 1058 templum

188 1079 352 1163 Apollinis
367 1078 505 1161 Delphis
520 1079 611 1159 sitae,
636 1085 668 1144 et
682 1082 787 1146 verbis
802 1082 962 1165 po'eticam
977 1079 1196 1145 redolentibus
1211 1078 1399 1160 Apollinem

187 1189 303 1248 testem
325 1179 433 1259 affert,
463 1187 500 1245 ut
522 1181 720 1246 demonstret
741 1184 811 1248 iure
833 1183 989 1266 templum
1011 1183 1056 1246 ibi
1079 1203 1148 1246 esse
1171 1181 1337 1245 conditum
1360 1179 1398 1244 cf.

188 1285 273 1370 §34
311 1281 367 1348 καλ
389 1281 480 1369 παρὰ
501 1287 547 1370 τῷ
566 1279 748 1349 Ἀπόλλωνι
771 1283 804 1349 ἒν
821 1286 964 1372 Δελφοῖς
984 1282 1154 1358 κάλλιστος
1175 1281 1231 1347 καὶ
1250 1280 1401 1366 μέγιστος

188 1385 265 1463 νεὼς
295 1382 393 1461 εὐθὺς
422 1381 553 1451 εἰσιόντι
581 1382 627 1463 εἰς
651 1385 689 1453 τὸ
711 1381 802 1474 ἱερόν,
826 1381 861 1463 ὃς
883 1383 927 1452 ὢν
947 1385 1025 1462 θεὸς
1049 1386 1104 1452 καὶ
1130 1383 1244 1469 μάντις
1270 1378 1337 1450 οἶδε
1363 1383 1400 1450 τὸ

190 1489 366 1576 βέλτιστον.
409 1489 613 1554 Postremam
629 1512 756 1574 quoque
771 1492 940 1574 periodum
956 1492 1122 1556 exornavit
1136 1491 1256 1554 lumine
1272 1489 1400 1570 egregio

191 1593 353 1676 expolitis
376 1597 535 1674 surrept0,
559 1595 697 1675 optimas
721 1615 794 1658 aras
819 1595 951 1658 deorum
973 1595 1006 1658 in
1029 1601 1135 1658 mente
1150 1592 1401 1673 uniuscuiusque

190 1695 284 1761 condi
315 1693 370 1777 (ef.
401 1695 514 1778 Eurip
547 1695 623 1760 Hel.
657 1702 753 1777 1002,
783 1697 821 1760 fr.
855 1701 914 1760 170
945 1695 1076 1782 Dind.)‚
1107 1694 1194 1778 quod
1223 1694 1341 1758 mirum
1368 1693 1401 1756 in

188 1798 317 1864 modum
341 1797 523 1880 praefulget
545 1799 630 1863 inter
652 1821 755 1882 nugas
778 1799 926 1863 rhetoris

273 1901 390 1966 Partes
419 1901 586 1980 orationis,
619 1922 702 1984 quae
738 1907 934 1985 sequuntur,
973 1921 1037 1964 non
1069 1919 1163 1982 posse
1196 1898 1237 1962 ab
1274 1903 1401 1962 oratore

189 2004 382 2087 compositas
419 2024 503 2083 esse,
543 2026 641 2086 supra
678 2005 830 2084 vidimus,
864 2025 968 2087 neque
999 2023 1117 2085 operae
1148 2001 1288 2083 pretium
1323 1999 1401 2063 mihi

188 2107 328 2188 videtur,
373 2127 482 2170 omnes
526 2108 703 2171 sententias
746 2105 917 2190 diligenter
952 2105 1132 2189 ponderare
1169 2109 1201 2167 et
1237 2124 1400 2185 quaerere,

188 2231 265 2274 num
297 2213 372 2291 apte
405 2209 468 2271 sint
500 2230 688 2292 expressae,
718 2210 908 2293 praesertim
940 2230 1012 2272 oum
1045 2229 1097 2271 res
1126 2206 1234 2270 multis
1263 2206 1343 2270 locis
1369 2205 1401 2268 in

188 2311 306 2376 iudicio
329 2312 432 2393 magis
455 2313 562 2394 posita
584 2314 627 2377 sit
650 2333 747 2394 quam
768 2313 802 2376 in
825 2313 921 2377 certis
944 2309 1157 2394 argumentis3
1188 2309 1276 2372 velut
1297 2308 1401 2373 locum

189 2433 403 2494 communem,
433 2415 487 2495 qui
516 2415 635 2496 legitur
664 2414 702 2500 ἐξ
726 2419 869 2493 87-89,
893 2435 956 2496 quo
979 2411 1149 2477 concordia
1171 2416 1203 2475 et
1226 2412 1402 2476 domestica

194 2523 226 2581 et
248 2516 379 2599 publica
399 2517 594 2595 celebratur,
618 2517 757 2581 Woilius
780 2523 937 2600 putatne
961 2514 1180 2580 Demosthene
1204 2514 1334 2595 quidem
1355 2514 1401 2576 in-

190 2618 323 2701 dignum
358 2639 445 2698 esse,
475 2619 623 2700 equidem
653 2639 725 2683 cnm
752 2618 795 2681 A.
820 2617 994 2682 Sohaelero
1021 2616 1216 2699 persuadere
1238 2616 1317 2679 mihi
1339 2637 1402 2679 non

189 2743 328 2804 possum,
351 2721 432 2784 haec
454 2727 628 2804 praecepta
650 2727 717 2784 tam
739 2720 864 2784 lubrica
886 2720 927 2784 ab
950 2719 1016 2783 ullo
1040 2725 1168 2783 oratore
1187 2719 1300 2802 Attico
1316 2717 1402 2800 apud

189 2823 310 2888 iudices
339 2843 407 2888 esse
436 2823 573 2905 prolata.
626 2823 693 2889 Sed
720 2829 795 2887 utut
823 2823 884 2886 hoc
911 2827 973 2902 est,
1004 2841 1075 2886 cum
1103 2821 1262 2904 plurimae
1289 2827 1399 2903 partes

190 2925 343 2990 orationis
382 2925 555 2990 manifesta
587 2927 721 3008 vestigia
752 2925 891 2990 rhetoris
924 2924 1116 3006 praebeant,
1150 2929 1220 2987 tota
1242 2929 1290 2987 est
1312 2922 1396 2987 ficta.

190 3028 305 3110 Neque
328 3048 386 3111 ego
411 3027 589 3110 exceperim
611 3028 726 3108 locum,
750 3029 803 3109 qui
828 3033 876 3092 est
898 3026 938 3114 ἓξ
959 3030 1099 3106 69-75,
1129 3047 1223 3108 quem
1246 3017 1420 3104 Blassius,

191 3152 263 3195 cum
300 3131 612 3212 argumentationem
646 3132 809 3195 contineat
844 3131 983 3194 vividam
1020 3135 1052 3193 et
1084 3129 1227 3208 firmam,
1266 3129 1403 3192 oratoris

191 3254 260 3298 esse
284 3235 445 3316 opinatur.
490 3233 572 3296 Mihi
595 3239 786 3315 argumenta
808 3233 938 3297 minime
954 3255 1053 3316 supra
1067 3232 1229 3295 rhetorem
1244 3231 1403 3309 videntur,

191 3337 288 3400 immo
318 3355 393 3400 vero
421 3336 453 3398 iu
484 3333 502 3419 ξ
536 3339 574 3399 73
603 3336 687 3399 inest
717 3337 879 3401 conclusio
908 3340 977 3399 tam
1007 3355 1159 3417 perversa
1189 3355 1228 3398 ac
1256 3333 1403 3412 ridicula,

190 3443 244 3518 ut,
290 3438 318 3501 si
358 3439 391 3500 in
429 3438 575 3501 oratione
612 3439 751 3521 genuina
788 3441 929 3517 extaret,
967 3437 1074 3501 nescio
1111 3458 1152 3499 an
1191 3437 1405 3519 suspicionem

191 3539 450 3622 interpolationis
479 3547 631 3605 moveret.
677 3541 798 3623 Agitur
829 3541 869 3604 de
898 3540 994 3605 tertio
1023 3539 1131 3604 debito
1159 3539 1404 3621 Aristogitonis.

192 3641 328 3726 Quaerit
355 3648 484 3724 auctor,
516 3642 595 3726 quid
623 3641 768 3708 futurum
795 3643 851 3724 sit,
881 3643 908 3706 si
936 3643 983 3706 illi
1006 3643 1190 3724 contingat,
1215 3641 1404 3706 Aristonem

191 3745 409 3829 inscriptionis
433 3744 534 3810 falsae
558 3746 760 3826 convincere,
784 3751 816 3809 et
837 3744 1010 3828 respondet
1032 3745 1101 3808 fore
1123 3749 1160 3808 ut
1182 3744 1266 3808 illius
1289 3765 1404 3808 nomen

165 3849 353 3928 deleatur,
387 3848 481 3912 huius
510 3847 716 3913 inscribatur.
768 3847 895 3912 Deinde
920 3847 1040 3930 pergit:
1087 3843 1223 3932 πότερον
1252 3836 1307 3910 οὖν
1335 3841 1404 3912 ἀπὸ

190 3947 308 4037 ταύτης
336 3953 392 4038 τῆς
417 3945 534 4037 ἡμέρας
560 3946 612 4014 ddi
635 3949 694 4033 μὲν
721 3945 883 4038 ὀφειλήσει
909 3951 955 4035 τῷ
978 3943 1119 4035 δημοσίῳ
1148 3944 1165 4012 ὁ
1188 3945 1401 4035 ἐξαλειφθείς,

192 4050 311 4128 ἐκεῖνος
338 4047 370 4116 d'
400 4049 551 4135 ἐπίτιμος
577 4047 668 4117 ἔσται
690 4049 707 4118 ὁ
730 4047 913 4138 ἐγγραφείς,·
940 4048 976 4113 ἐκ
1005 4048 1064 4144 γὰρ
1092 4039 1136 4115 ὧν
1158 4055 1212 4115 νῦν
1233 4047 1284 4116 dd'
1309 4047 1404 4132 ἀξιοῖ,

192 4158 295 4219 ταῦτα
317 4151 498 4237 συμβαίνει·
523 4151 551 4220 εἰ
574 4154 634 4241 γὰρ
656 4151 706 4222 ὅτ’
732 4152 946 4240 ἐγγέγραπται
967 4151 1011 4242 μὴ
1026 4147 1158 4239 ὀφείλει,
1183 4151 1319 4219 ἐπειδὰν
1335 4152 1370 4234 ἒξ
1393 4193 1404 4204 -

195 4257 317 4345 λειφθῇ
339 4251 501 4344 ὀφειλήσει
525 4257 619 4344 δῆλον
641 4256 702 4324 ὅτι.
747 4257 802 4324 Sic
828 4258 928 4340 igitur
956 4257 1134 4334 concludit,
1164 4259 1190 4320 si
1218 4258 1305 4340 quiS,
1335 4279 1407 4322 eum

191 4361 364 4444 inscriptus
394 4361 436 4424 sit
465 4363 499 4425 in
530 4362 656 4426 aerario
689 4361 834 4446 publico,
865 4361 1028 4424 civitatem
1056 4365 1208 4442 usurpet,
1240 4359 1341 4438 effici,
1371 4365 1407 4424 ut

192 4463 355 4530 civitatem
378 4464 518 4545 amittat,
543 4465 569 4529 si
586 4485 700 4529 nomen
717 4465 891 4529 extinctum
907 4463 958 4526 sit.
1002 4463 1108 4527 Multa
1122 4483 1199 4528 sane
1215 4469 1407 4546 argumenta
