3102 4910
753 247 770 306 7

159 449 378 532 magistratus,
402 449 467 531 qui,
490 450 628 532 pecunia
649 449 766 530 soluta,
790 447 945 514 debitoris
964 469 1080 512 nomon
1096 469 1159 510 non
1176 446 1371 512 deleverant.

159 551 323 616 Braunius
336 550 383 634 (p.
399 555 441 614 34
455 551 517 636 sq.)
529 557 624 635 putat
637 551 705 616 fieri
720 552 873 634 potuisse,
887 559 922 618 ut
934 551 1139 634 Aristogiton
1156 550 1221 614 sive
1238 550 1371 615 consilio

158 655 236 740 (quo
251 653 385 720 tandem
401 654 568 740 consilio?)
582 656 647 719 sive
665 676 773 720 errore
787 655 846 718 bas
862 655 1004 720 diversas
1016 655 1134 720 formae
1149 652 1371 728 confunderet,

159 763 191 822 et
205 756 353 822 Blassius
369 779 498 842 quoque
514 758 598 823 banc
612 765 738 841 partem
761 760 916 824 orationis
932 759 1105 842 genuinam
1121 778 1190 822 esse
1206 758 1370 840 opinatur.

159 859 239 926 Mihi
265 860 395 942 quidem
417 861 589 926 verisimile
614 884 677 926 non
701 860 839 942 videtur,
866 861 958 926 illurn
984 861 1145 926 bominem
1173 859 1311 924 multum
1337 859 1370 924 in

158 963 207 1028 bis
228 963 325 1029 rebus
340 971 504 1029 versatum
518 965 697 1044 nescivisse,
719 969 803 1046 quae
826 970 910 1030 esset
925 963 1009 1029 actio
1023 961 1227 1046 βουλεύσεως.
1273 962 1372 1028 Prae-

157 1072 246 1132 terea
267 1067 422 1132 orationis
448 1089 578 1151 quoque
604 1069 743 1151 scriptor
770 1069 815 1132 eis
837 1067 942 1132 verbis
966 1067 1095 1132 disserit
1117 1066 1156 1131 de
1178 1063 1372 1148 portaticum

156 1170 284 1234 actione
300 1171 433 1254 eiusque
449 1171 546 1252 exitu,
568 1175 605 1235 ut
620 1170 754 1236 dubium
777 1192 845 1235 esse
868 1193 930 1236 non
953 1170 1064 1254 possit,
1089 1171 1167 1252 quin
1188 1170 1257 1252 ipse
1279 1176 1372 1252 puta·

158 1273 246 1350 verit,
269 1272 447 1356 legitimam
467 1294 537 1338 eam
559 1275 591 1336 in
614 1273 677 1338 hac
696 1296 731 1338 re
753 1275 991 1338 accusationem
1007 1294 1085 1338 esse.
1131 1272 1168 1336 cf.
1186 1272 1205 1359 ξ
1223 1277 1272 1338 71.
1289 1266 1372 1338 ἀλλὰ

155 1371 398 1456 βουλεύσεως
413 1371 706 1461 σὸν-Ἀρίστωνα
728 1373 873 1442 διώκει.
918 1373 970 1440 ναί
992 1397 1101 1463 φησιν·
1130 1369 1276 1450 ἀδίκως
1303 1373 1372 1462 γάρ

155 1475 190 1558 μ’
212 1473 455 1565 ἐγγέγραφεν.
500 1485 533 1544 et
554 1479 573 1566 ξ
597 1485 635 1544 72
659 1477 736 1566 φέρε
757 1479 796 1568 δὴ
819 1477 902 1565 πρὸς
922 1482 1018 1560 θεῶν,
1041 1471 1168 1544 κάκεῖνο
1188 1477 1371 1560 σκέψασθε.

156 1575 196 1644 ἂν
216 1577 283 1668 ἕλῃ
304 1577 360 1646 τὸν
377 1576 554 1668 Ἀρίστωνα
575 1585 643 1670 τῆς
664 1581 923 1664 βουλεύσεως,
946 1578 980 1648 τί
1001 1577 1110 1662 ibaar,-
1131 1575 1203 1646 ard.

242 1683 357 1768 Quid?
380 1685 467 1768 quod
488 1707 528 1752 oa
543 1707 679 1770 quoque,
701 1709 784 1769 quae
807 1687 847 1752 de
869 1687 974 1752 forma
993 1686 1094 1770 ipsius
1115 1685 1210 1750 huius
1231 1685 1307 1764 litis,
1331 1685 1372 1750 de

155 1809 221 1868 qua
240 1789 358 1870 agitur,
381 1789 414 1854 in
437 1790 583 1854 oratione
602 1790 762 1872 leguntur,
784 1791 922 1856 maxime
945 1794 1094 1872 suspecta
1117 1793 1200 1852 sunt.
1240 1789 1371 1852 Delatio

156 1884 329 1977 (ἔνδειξις),
353 1914 417 1974 qua
439 1892 543 1956 forma
564 1891 735 1975 Lycurgus
757 1892 911 1958 adversus
931 1892 1191 1974 Aristogitonem
1213 1913 1290 1955 usus
1312 1897 1371 1972 est,

154 1992 197 2056 ab
217 2001 406 2059 accusatore
433 1996 476 2060 ad
502 1995 736 2060 thesmothetas
760 1996 809 2060 vel
837 1997 917 2060 alios
946 1995 1172 2077 magistratus,
1202 1995 1259 2076 qui
1281 2014 1373 2077 prae·

154 2103 249 2160 erant
270 2095 406 2176 iudiciis,
436 2098 682 2177 instituebatur,
706 2099 871 2180 nequead
892 2104 997 2164 totum
1018 2098 1171 2182 populum
1195 2095 1371 2179 quidquam

155 2199 349 2282 pertinebat.
388 2199 554 2266 Orationis
569 2222 644 2265 voro
659 2207 773 2266 auctor
793 2201 887 2286 fingit
902 2223 935 2266 se
951 2223 971 2266 a
985 2201 1105 2284 populo
1121 2200 1154 2263 in
1169 2198 1372 2264 contionibus

154 2301 198 2366 ad
226 2303 463 2368 accusationem
492 2325 561 2368 esse
588 2304 735 2368 electum.
780 2304 820 2369 ci.
850 2305 870 2391 ξ
899 2309 947 2370 13.
982 2301 1044 2388 ἐγὼ
1072 2299 1132 2387 γὰρ
1161 2298 1195 2364 ἒν
1222 2304 1294 2374 ταῖς
1323 2297 1372 2362 ἕκ-

155 2401 302 2492 utpotae
332 2401 414 2492 ὁρῶν
443 2401 524 2488 ὑμᾶς
553 2402 813 2483 κατατάττοντάς
837 2430 877 2490 με
909 2405 965 2472 καὶ
995 2400 1286 2492 προχειριζομένους
1314 2399 1372 2466 ἐπὶ

155 2505 342 2594 circuduce
357 2506 557 2596 κατηγορίαν,
574 2505 644 2576 aad.
673 2510 769 2594 Quod
784 2512 848 2576 iam
858 2511 1154 2588 Westermannum,
1177 2506 1233 2589 qui
1248 2505 1371 2588 primus

156 2611 219 2674 boc
241 2611 338 2692 vidit,
367 2615 553 2694 commovit,
581 2620 618 2678 ut
646 2615 825 2680 orationem
847 2613 918 2679 foro
940 2613 1054 2679 Attico
1077 2612 1262 2692 abrogaret.
1307 2605 1373 2670 Sed

156 2713 321 2780 Braunius
348 2715 409 2780 boc
437 2739 565 2800 quoque
593 2716 764 2782 defendere
795 2724 930 2784 conatus
959 2724 1017 2782 est.
1073 2719 1193 2796 Itaque
1222 2731 1294 2774 curn
1322 2729 1373 2772 res

156 2818 234 2882 mibi
269 2817 417 2884 videatur
452 2821 609 2902 gravioris
640 2822 807 2902 momenti,
843 2843 883 2886 ne
914 2827 974 2904 ego
1008 2821 1141 2903 quidem
1176 2816 1269 2900 plane
1303 2833 1374 2876 eam

155 2922 425 3004 praetermittam,
448 2924 639 3006 praesertim
656 2945 728 2990 cum
744 2925 900 2988 nonnulla
924 2946 1006 2988 nova
1023 2925 1167 2990 babeam
1185 2921 1375 3000 argumenta

156 3044 240 3106 quae
264 3024 435 3106 proferam.
483 3026 648 3090 Braunius
677 3026 738 3092 boc
766 3027 862 3091 modo
890 3033 995 3092 totam
1022 3049 1094 3094 rem
1122 3023 1185 3090 sibi
1212 3021 1296 3085 visus
1325 3025 1375 3084 est

154 3126 349 3209 expediisse,
382 3135 419 3192 ut
450 3133 580 3212 putaret
611 3127 666 3212 (cf.
697 3151 727 3212 p.
760 3131 834 3214 41),
865 3152 937 3194 cum
966 3131 1133 3210 quondam
1165 3127 1198 3191 in
1227 3125 1374 3188 contione

155 3228 361 3314 Aristogiton
384 3237 513 3314 praeter
534 3233 584 3295 ius
599 3232 698 3297 verba
713 3231 844 3312 fecissit,
869 3231 1056 3316 Lycurgum
1078 3231 1222 3296 extitisse
1238 3249 1373 3311 eumque

155 3353 214 3416 per
247 3327 382 3414 ἔνδειξιν
413 3355 447 3398 se
483 3339 709 3400 accusaturum
750 3357 819 3401 esse
860 3336 1027 3400 clamasse.
1089 3333 1172 3398 Tum
1207 3331 1371 3417 populum,

155 3435 278 3499 bomini
311 3435 589 3520 impudentissimo
622 3439 760 3504 maxime
795 3440 913 3504 iratum
943 3435 1094 3522 Lycurgo
1120 3437 1163 3502 ad
1189 3436 1371 3520 augendam

154 3540 370 3604 acccusationis
393 3540 455 3604 vim
477 3535 675 3624 εἰσαγγελυάς
703 3562 792 3606 more
813 3547 967 3626 patronos
990 3541 1135 3623 elegisse.
1181 3539 1229 3604 At
1250 3561 1371 3622 quaero

155 3641 235 3726 quid
257 3663 372 3708 causae
401 3643 513 3722 suerit,
542 3665 600 3708 cur
627 3643 764 3728 populus
792 3643 987 3722 accusatori,
1018 3664 1082 3726 quo
1105 3663 1198 3708 nemo
1221 3641 1287 3706 sere
1311 3641 1372 3706 suit

155 3747 275 3826 sacrior,
304 3747 338 3810 in
364 3746 422 3810 lite
451 3745 539 3810 baud
563 3747 615 3844 ¹ita
643 3747 735 3828 gravi
764 3753 900 3830 atquae
922 3745 964 3810 ad
987 3745 1097 3830 populi
1120 3745 1371 3812 iurisdictionem

155 3871 195 3914 nc
226 3848 411 3933 pertinebat
439 3847 579 3932 quidem,
608 3871 667 3913 sua
695 3856 810 3934 sponte
838 3849 1003 3914 adiutores
1030 3847 1145 3914 daret?
1194 3847 1266 3912 Iam
1297 3867 1371 3912 rero

156 3973 196 4016 ne
228 3951 261 4016 in
288 3946 469 4038 εἰσαγγελίᾳ
499 3951 630 4034 quidem
659 3952 760 4016 ullum
790 3953 959 4036 vestigium
987 3951 1109 4028 inveni,
1144 3949 1323 4016 accusatori
1352 3969 1372 4014 a

154 4055 275 4140 populo
298 4055 368 4138 ipso
392 4061 546 4138 patronos
569 4052 785 4144 (cumdque)
814 4077 882 4120 osse
912 4053 1091 4120 adiunctos.
1143 4051 1219 4146 bion
1247 4051 1371 4134 ignoro,

156 4161 188 4222 in
212 4157 359 4222 omnibus
381 4157 489 4227 libris.
513 4178 596 4242 quos
618 4158 658 4222 de
680 4157 930 4240 arrtiquitatibus
953 4155 1074 4220 Atticis
1097 4155 1157 4218 viri
1180 4153 1266 4218 docti
1289 4175 1372 4218 com·

155 4265 349 4346 posuerunt,
377 4260 439 4326 boc
466 4259 530 4342 legi
542 4259 595 4344 ¹⁰),
623 4260 680 4325 sed
707 4261 903 4343 putaverim,
934 4259 1020 4323 uiros
1049 4256 1161 4322 doctos
1188 4257 1219 4320 in
1249 4255 1311 4320 bac
1337 4275 1372 4320 re

154 4385 357 4396 ..μη-.-

232 4431 267 4498 ¹⁰)
285 4431 318 4484 ci.
343 4429 566 4493 Scboomaunus,
586 4429 628 4484 De
652 4429 778 4484 comitiis
802 4429 869 4480 Ath.
894 4447 919 4496 p.
943 4429 1006 4490 210,
1030 4427 1091 4478 Ati.
1117 4425 1239 4478 i'rooess.
1263 4441 1288 4492 p.
1312 4427 1371 4488 968,

154 4517 257 4588 (Doleo
276 4516 352 4582 quod
371 4533 425 4568 nou
446 4515 513 4568 mibi
536 4516 667 4584 contigit,
685 4515 804 4568 alterius
824 4513 955 4568 editionis
980 4517 1075 4582 partes
1098 4529 1182 4578 usquo
1206 4509 1241 4562 ad
1266 4509 1319 4562 boo
1344 4509 1372 4564 in
