3102 4910
738 243 779 318 33'

651 345 853 356 ψ

146 455 404 541 Aristogitonem
426 457 530 544 ipsum
551 461 647 543 venit,
670 463 783 528 inserit
804 462 838 551 (ᾖ
856 457 1005 547 20-27)
1021 475 1138 525 novum
1153 453 1259 522 locum'
1273 461 1358 524 com'·

147 583 275 626 munem
293 563 559 645 verbosissimum,
576 566 608 628 in
625 587 689 648 quo
705 567 759 630 ille
775 573 933 650 tanquam
948 568 980 630 in
997 573 1185 630 transcursu
1197 561 1359 626 nonnullis

146 663 226 728 locis
248 675 514 732 commemoratur
537 667 591 752 (cl.
616 667 634 752 ,b
651 673 689 732 21
711 665 744 732 τί
758 667 818 754 γὰρ
832 665 871 734 dv
884 674 997 734 τοῦτον
1011 662 1109 731 αὐτὸν
1123 659 1233 730 οἴεσθε
1248 665 1361 727 ποιεῖν

145 763 308 832 λυθέντων
335 771 401 832 τῶν
425 767 544 852 νόμιον,
574 762 610 846 ὃς
641 765 741 836 ὄντων
767 769 883 856 κυρίων
910 775 1055 845 τοιοῦτος
1084 764 1186 844 dorin,
1222 771 1255 830 et
1277 766 1296 851 ξ
1319 769 1359 830 25

146 867 225 956 φέρε
250 867 310 956 γὰρ
332 869 415 958 πρὸς
433 875 534 952 θεῶν,
564 868 592 937 εὶ
618 870 753 950 ἕκαστος
773 878 838 938 τῶν
860 873 893 938 ἐν
914 877 955 960 τῇ
978 870 1073 938 πόλει
1094 869 1152 958 τὴν
1170 863 1358 954 Ἀριστογεί-

147 993 240 1048 τονος
260 971 381 1057 τόλμαν
401 973 458 1040 καὶ
481 969 704 1056 ἀναισχυντίαν
723 975 831 1059 λαβών
851 971 938 1063 aad).

231 1081 405 1160 'Sententia
438 1103 547 1160 antem
577 1098 763 1182 principalis
795 1119 834 1162 ea
867 1103 930 1176 est,
962 1101 999 1159 ut
1029 1094 1267 1158 demonstretur
1294 1089 1362 1152 sine

151 1195 276 1278 legibus
308 1199 538 1282 rempublicam
569 1221 633 1264 non
664 1223 757 1284 posse
788 1207 947 1264 constare.
998 1197 1102 1261 Totus
1132 1195 1222 1258 locus
1255 1213 1364 1274 super·

150 1319 310 1364 vacanous
333 1307 391 1365 est.
436 1302 523 1367 Nam
544 1309 656 1367 auctor
676 1304 744 1387 ipse
773 1325 845 1368 cum
869 1301 960 1366 dicit:
991 1301 1058 1373 πᾶς
1080 1293 1097 1362 ὁ
1119 1301 1163 1383 τῇ
1170 1319 1186 1371 ς
1209 1291 1364 1367 πόλεως

147 1399 215 1464 καὶ
241 1405 317 1466 τῶν
346 1402 471 1486 νόμιον
497 1401 628 1488 κόσμος,
663 1407 753 1490 ponit
785 1411 935 1470 ornatum
964 1401 1161 1484 reipublicae
1196 1403 1229 1462 et
1256 1397 1364 1478 legum

149 1525 220 1570 esse
242 1506 379 1571 eundem
400 1529 459 1572 nec
481 1509 710 1592 rempublicam
732 1510 800 1573 sine
822 1507 947 1590 legibus
969 1503 1107 1587 eogitari
1129 1522 1232 1585 posse,
1253 1505 1285 1563 et
1307 1519 1365 1562 sno

147 1609 220 1672 iure
242 1609 302 1672 hoo
325 1611 386 1673 sibi
406 1613 503 1675 sumit
525 1633 583 1694 pro
607 1611 845 1690 demonstrato,
877 1631 949 1672 cum
969 1608 1034 1670 iam
1057 1605 1077 1693 ξ
1101 1609 1139 1668 15
1163 1609 1196 1668 et
1220 1607 1258 1666 16
1281 1623 1364 1665 oom-

147 1711 345 1794 probaverit.

237 1830 350 1895 Naxus
373 1837 482 1896 autem
505 1835 737 1897 sententiarum
759 1831 856 1896 huius
878 1829 941 1893 loci
964 1828 1016 1892 hio
1040 1833 1101 1892 est:

238 1947 274 2015 Si
297 1952 369 2034 quis
393 1959 536 2035 quaeret,
559 1953 638 2036 qnid
660 1955 702 2018 sit
724 1949 813 2034 quod
828 1947 949 2014 efficiat
964 1953 1001 2011 ut
1017 1947 1124 2012 omnia
1139 1944 1228 2024 fiant,
1252 1935 1368 2025 quibus

151 2053 335 2135 respublica
364 2055 548 2136 ordinetur,
576 2055 664 2140 leges
686 2053 828 2119 inveniet
858 2073 991 2116 causam
1018 2072 1087 2115 esse
1109 2055 1205 2131 atque
1228 2046 1369 2110 omnium

152 2155 185 2217 in
212 2177 266 2220 eas
288 2157 534 2223 oboedientiam.
579 2158 665 2223 Nam
687 2157 813 2239 legibus
836 2155 950 2218 solutis
974 2159 1007 2216 et
1030 2152 1184 2218 facultate
1199 2148 1370 2231 unicuique

151 2255 236 2320 data
265 2259 407 2326 faciendi
436 2261 594 2344 quidquid
627 2261 728 2340 volet,
761 2265 831 2323 tota
862 2256 1049 2342 respublica
1080 2261 1208 2320 corruet
1238 2252 1271 2340 (ξ
1303 2251 1368 2336 20).

151 2359 269 2442 Itaque
299 2361 439 2446 debetis,
469 2364 605 2448 iudices,
639 2364 799 2444 castigare
828 2381 897 2440 eos,
927 2359 983 2442 qui
1012 2359 1137 2442 legibus
1158 2379 1221 2422 non
1243 2361 1368 2440 parent,

152 2461 272 2545 quippe
305 2466 360 2548 qui
390 2466 494 2530 multa
523 2473 556 2530 et
585 2487 704 2548 magna
734 2463 821 2528 bona
851 2461 943 2526 vobis
974 2463 1116 2546 eripiant
1149 2461 1182 2546 (ξ
1215 2459 1369 2544 21-23).

151 2561 237 2628 Nam
266 2567 424 2649 quidquid
455 2575 503 2633 est
531 2590 663 2636 sacrum
694 2575 726 2632 et
754 2568 889 2644 bonum,
920 2565 954 2628 id
984 2564 1093 2648 legum
1122 2564 1241 2628 anxilio
1272 2563 1371 2626 vincit

150 2687 260 2748 prava.
315 2669 433 2752 Itaque
466 2673 552 2755 leges
588 2671 721 2740 debetis
754 2669 855 2748 tueri,
889 2690 964 2732 nam
998 2689 1109 2732 eorum
1143 2667 1263 2732 auxilio
1296 2665 1372 2728 boni

150 2779 305 2851 superant
332 2773 447 2854 malos,
476 2776 592 2842 solutis
624 2783 736 2839 autem
758 2773 797 2836 iis
819 2771 927 2834 omnia
948 2772 1185 2854 permiscentur
1207 2775 1239 2833 et
1260 2768 1372 2832 civitas

149 2871 181 2934 in
208 2879 370 2956 potestate
401 2875 568 2943 hominum
592 2877 863 2966 pravissimorum
886 2879 943 2936 est.
989 2871 1077 2936 Nam
1100 2873 1127 2935 si
1150 2870 1371 2954 unusquisque

151 2981 306 3054 vestrum,
338 3000 550 3062 quaecunque
581 2982 680 3064 velit,
710 2981 817 3044 fecere
840 2975 901 3040 sibi
921 2973 1018 3040 licere
1040 2979 1147 3058 putet,
1174 2997 1251 3038 num
1271 2973 1373 3056 possit

148 3079 243 3142 etiam
265 3081 449 3164 respublica
472 3091 644 3166 constare,
672 3107 747 3150 num
769 3083 857 3165 leges
878 3085 971 3144 ratae
994 3098 1063 3142 esse
1084 3074 1229 3160 possint?
1274 3073 1308 3160 (ξ
1332 3077 1373 3138 24

152 3183 263 3268 -26.)
306 3183 371 3248 Sed
401 3186 478 3267 quid
508 3207 593 3270 opus
630 3197 681 3253 est
710 3183 901 3252 contendere
936 3181 1062 3264 legibus
1093 3180 1201 3243 omnia
1231 3176 1374 3241 ordinari

150 3289 248 3366 atque
271 3307 381 3350 earum
413 3287 645 3370 oboedientia,
670 3290 821 3374 quoniam
851 3285 989 3368 vosipsi
1012 3283 1119 3364 legum
1143 3283 1231 3346 iussu
1254 3278 1374 3344 iudices

150 3384 225 3450 sacti
256 3389 356 3456 estis?
401 3389 495 3473 Quae
524 3393 551 3457 si
582 3399 636 3462 ita
665 3399 756 3471 sunt,
785 3412 861 3452 num
890 3410 944 3452 vos
971 3409 1043 3452 eum
1067 3384 1240 3449 absolvatis
1264 3383 1319 3466 qui
1343 3387 1375 3446 et

151 3485 247 3552 dictis
270 3495 304 3552 et
324 3490 419 3556 factis
441 3493 529 3577 leges
554 3495 684 3564 violare
707 3516 804 3559 ausus
826 3490 890 3556 sit?
933 3489 966 3578 (ξ
990 3487 1059 3574 27.)

235 3609 387 3692 Quantae
423 3613 598 3698 ambages!
660 3616 809 3698 Quantus
845 3612 1014 3676 verborum
1048 3607 1176 3672 tumor!
1230 3605 1376 3672 Eaedem

151 3714 340 3794 sententiae,
365 3717 493 3800 legibus
510 3717 748 3798 rempublicam
770 3717 838 3798 regi
862 3735 966 3797 neque
989 3713 1102 3778 solutis
1117 3712 1157 3776 iis
1172 3731 1265 3794 posse
1280 3715 1376 3790 stare,

151 3815 260 3900 itaque
296 3817 420 3883 iudices
454 3841 509 3882 eas
540 3817 661 3882 debere
697 3819 781 3882 tueri
816 3823 848 3880 et
882 3817 1040 3900 castigare
1075 3815 1101 3878 si
1135 3813 1206 3898 quis
1240 3813 1278 3876 iis
1311 3834 1375 3877 non

152 3919 314 4000 paruerit,
350 3945 459 3986 nonne
490 3923 607 3984 iterum
639 3923 821 4002 iterumque
851 3927 1044 4002 repetuntur
1073 3927 1171 4000 atque
1201 3916 1232 3980 id
1255 3915 1378 3980 iisdem

153 4019 219 4086 lere
242 4023 377 4090 verbis?
423 4024 442 4112 ξ
467 4028 508 4088 20
531 4024 659 4106 quaerit
673 4019 707 4086 τί
722 4017 802 4086 ποτ’
819 4019 888 4088 ἐστὶ
905 4020 942 4088 τὸ
959 4017 1133 4088 αἴτιονκαὶ
1149 4016 1186 4084 τὸ
1204 4021 1320 4083 arctois
1335 4055 1376 4066 -

151 4121 237 4210 (καὶ)
270 4125 384 4192 πάντα
417 4121 458 4192 aa*
492 4113 536 4190 ὧν
565 4121 584 4214 ἡ
613 4121 709 4202 πόλις
739 4121 874 4190 οἰκεῖται
904 4125 959 4190 καὶ
983 4123 1115 4204 σώζεται
1140 4119 1323 4208 styracem,-
1344 4129 1377 4186 et

152 4229 332 4312 respondet
354 4229 431 4306 τοὺς
454 4227 565 4312 νόμους
585 4223 706 4316 εὑρήσει
728 4226 851 4292 τούτων
870 4224 992 4304 αἰτίους
1007 4225 1061 4292 καὶ
1082 4225 1115 4290 cb
1131 4224 1257 4302 τούτοις
1272 4223 1374 4288 ἅπαν-

154 4353 214 4408 τας
246 4331 449 4412 πείθεσθαι,
481 4334 571 4416 quaed
601 4353 675 4396 vero
706 4354 768 4396 mm
798 4333 860 4396 iam
889 4331 908 4419 ξ
934 4336 970 4396 lb
994 4331 1123 4396 dixerit:
1160 4327 1251 4398 ἅπας
1272 4323 1290 4392 ὁ
1312 4330 1377 4390 ’τῶν

156 4427 352 4524 ἀνθρώπιον
374 4433 453 4520 βίος,
477 4429 536 4500 κᾶν
556 4431 691 4522 pastina
714 4431 811 4500 πόλιν
833 4429 945 4499 οἰκῶσι
970 4429 1030 4500 κᾶν
1050 4430 1176 4520 μικράν,
1203 4429 1295 4520 (priua
1321 4429 1375 4496 καὶ

1208 4555 1225 4606 8
