3102 4910
645 225 772 318 *ar

151 418 318 507 εὐκοσμίας.
362 423 490 491 Similia
513 424 612 490 verbs
634 431 747 490 extant
768 426 788 511 ξ
806 430 843 490 11
868 422 978 492 πάντα
999 423 1041 491 τὰ
1056 423 1089 490 ἐν
1103 429 1144 512 τῇ
1165 425 1259 492 radies
1273 421 1358 490 καλὰ

151 525 200 592 καί
219 523 327 592 δίκαια
349 525 404 592 καὶ
425 525 627 614 συμφέροντα
649 525 821 613 φυλάττειν
843 567 879 578 -
904 524 1044 616 εἰληφὼς
1066 526 1158 612 παρὰ
1172 531 1237 594 τῶν
1251 524 1356 610 νόμιον

150 627 199 694 καί
226 633 280 717 τῆς
313 626 480 706 πολιτείας
513 628 569 694 καὶ
602 632 658 716 τῆς
692 628 858 716 πατρίδος.
903 632 996 698 Haec
1023 653 1152 714 quoque
1181 630 1279 696 verba
1305 630 1356 696 vel

149 733 259 798 similia
286 734 413 817 saepius
443 733 661 798 audiebantur
690 733 722 798 in
755 733 828 800 foro
855 734 986 814 Attico,
1022 735 1062 800 cf.
1094 735 1231 817 exempli
1259 754 1357 798 causa

147 835 235 900 Dens.
248 840 295 916 18,
308 841 348 900 63
364 833 407 900 τὰ
416 839 481 900 τῶν
491 832 657 920 προγόνων
667 833 751 900 καλὰ
762 835 817 902 καὶ
828 833 939 902 δίκαια
951 844 983 902 et
999 841 1057 902 101
1070 840 1135 902 τῶν
1146 831 1356 922 ὑπαρχόντων

146 935 296 1025 spelm
322 937 430 1003 καλῶν
459 945 491 1004 et
522 944 576 1020 20,
606 943 665 1004 165
697 936 807 1003 πάντα
835 937 878 1005 τὰ
903 937 1023 1028 χρηστὰ
1051 937 1134 1026 πρὸς
1159 936 1202 1003 τὰ
1232 934 1357 1024 πονηρὰ

145 1038 374 1106 ἀντιτάττεται.
420 1041 540 1106 Aesch.
566 1047 592 1121 1,
611 1046 653 1108 54
675 1043 805 1124 saepius
827 1040 869 1108 τὰ
890 1041 975 1110 καλά
997 1049 1030 1108 et
1051 1039 1093 1108 τὰ
1114 1039 1234 1129 χρηστά
1257 1062 1356 1124 oppo-

147 1151 271 1210 nuntur.
315 1144 383 1210 Sed
406 1150 519 1209 auctor
541 1166 604 1210 nou
633 1145 695 1210 sibi
718 1151 869 1210 constans
895 1146 1000 1210 estin
1022 1166 1133 1210 eorum
1155 1167 1225 1209 usu.
1269 1141 1357 1208 Nam

147 1267 215 1312 cum
237 1248 268 1311 in
290 1247 309 1334 ᾗ
333 1253 352 1311 9
376 1248 463 1330 leges
486 1249 574 1332 ipsas
597 1249 682 1314 iuter
704 1249 785 1314 haec
807 1247 893 1314 bona
914 1247 1111 1330 reipublicae
1133 1251 1295 1324 numeret,
1323 1244 1357 1308 iu

146 1347 164 1434 ξ
189 1353 225 1412 11
248 1349 325 1415 dicit
347 1349 469 1414 iudices
494 1371 514 1414 a
535 1349 660 1432 legibus
683 1350 769 1416 bona
796 1351 852 1415 illa
880 1356 1037 1432 tanquam
1059 1352 1176 1434 pignus
1199 1345 1357 1413 servanda

146 1453 311 1534 accepisse.
357 1453 451 1518 Haec
484 1452 591 1516 omnia
622 1473 727 1518 nonne
765 1454 927 1518 rhetorem
966 1453 1125 1532 redolent,
1161 1451 1217 1534 qui
1251 1447 1358 1514 studio

145 1555 256 1621 ductus
296 1561 462 1620 oratorum
504 1554 654 1620 dictionis
692 1556 879 1636 imitandae,
920 1555 953 1618 in
995 1555 1149 1639 ambages
1186 1560 1220 1618 et
1255 1571 1358 1633 nugas

146 1657 314 1724 aberravit.

229 1761 294 1830 Sed
316 1760 412 1826 finem
435 1761 532 1824 etiam
555 1761 678 1824 exordii
699 1760 925 1843 inspiciamus!
970 1761 1126 1843 Pergitnr
1149 1757 1167 1842 ,ξ
1192 1761 1231 1823 13
1255 1751 1358 1820 πάνυ

146 1858 184 1942 δ’,
210 1853 236 1928 ὦ
258 1858 368 1948 ἄνδρες
384 1858 564 1950 Ἀθηναῖοι,
594 1859 691 1945 μετὰ
720 1859 850 1950 πάσης
878 1857 1131 1950 οἰκειότητος
1152 1859 1214 1950 ἐρῶ
1235 1855 1361 1950 aalma

147 1963 227 2050 πρὸς
251 1963 343 2049 ὑμᾶς.
389 1967 526 2049 Saepius
557 1965 749 2048 profitentur
779 1987 852 2030 cum
884 1966 982 2031 ceteri
1017 1973 1166 2032 oratores
1196 1975 1267 2034 tum
1299 1967 1362 2034 De-

147 2070 343 2149 mosthenes,
374 2091 408 2134 se
436 2091 508 2134 cum
529 2068 681 2134 libertate
697 2069 877 2134 locuturos.
923 2070 962 2134 cf.
986 2067 1084 2136 Dem.
1106 2073 1135 2148 8,
1161 2077 1203 2138 24
1225 2069 1307 2157 λέξω
1329 2071 1364 2140 δὲ

145 2169 223 2252 μετὰ
256 2167 452 2259 παρρησίας,
499 2171 538 2236 cf.
573 2172 671 2236 etiam
706 2176 735 2252 3,
765 2175 799 2246 33
834 2175 864 2250 8,
893 2175 945 2251 21,
974 2174 1030 2250 323
1067 2175 1096 2252 9,
1127 2176 1162 2253 3;
1204 2178 1254 2256 19,
1287 2184 1361 2258 237;

146 2279 194 2352 23,
211 2279 287 2354 2Ο4;
311 2280 363 2356 37,
386 2280 426 2340 55
449 2269 576 2362 τάληθῆ
599 2269 695 2338 πάντ’
712 2271 772 2358 ἐρῶ
796 2269 880 2358 πρὸς
902 2270 993 2355 ὑμᾶς,
1018 2264 1044 2338 ei
1066 2269 1178 2360 ἄνδρες
1198 2277 1361 2364 δικασταί,

144 2374 224 2458 μετὰ
266 2373 456 2464 παρρησίας.
523 2376 589 2444 Sed
633 2383 714 2440 ‘cum
752 2375 986 2440 familiaritate’
1032 2399 1209 2460 numquam
1252 2391 1363 2450 orator

145 2479 228 2563 apud
268 2481 425 2565 populum
465 2479 516 2544 vel
555 2480 588 2544 iu
625 2478 744 2544 iudicio
785 2498 883 2544 ausus
923 2485 973 2544 est
1011 2479 1157 2562 profiteri
1194 2505 1228 2548 se
1261 2487 1361 2552 verba

146 2581 315 2648 iacturum.
359 2583 426 2648 Hic
447 2605 521 2648 vero
545 2582 668 2665 ‘plane
691 2604 763 2647 cum
785 2581 889 2646 omni
911 2581 1141 2648 familiaritate'
1157 2585 1256 2649 verba
1271 2587 1359 2652 facit.

147 2685 302 2769 Sequitur
334 2686 423 2751 locus
457 2685 496 2748 de
529 2684 691 2750 delatione
724 2706 820 2768 quem
855 2704 956 2768 supra
993 2686 1211 2750 tractavimus.
1263 2688 1360 2754 Nunc

144 2809 299 2871 ponamus
330 2809 406 2854 vera
439 2809 509 2852 esse
546 2809 628 2870 quae
660 2787 772 2852 rhetor
806 2793 964 2867 nugatur,
999 2793 1031 2852 et
1064 2789 1162 2854 verba
1189 2793 1359 2873 sequentia

143 2891 389 2956 consideremus.
454 2890 593 2970 Narrat,
638 2911 720 2954 cum.
752 2889 794 2954 ad
836 2888 1057 2954 accusandum
1100 2891 1358 2976 Aristogitonem

143 2992 262 3059 electus
284 3001 377 3075 esset,
399 2995 538 3078 primum
561 3013 594 3058 se
617 2993 756 3058 uoluisse
778 2993 839 3058 hoc
862 3011 979 3056 munus
1001 2993 1172 3076 suscipere,
1194 3003 1357 3078 postremo

142 3117 215 3162 vero
234 3102 366 3180 putasse
386 3096 495 3179 populi
518 3095 678 3161 voluntati
700 3095 762 3160 sibi
783 3114 853 3160 esse
876 3094 1064 3176 parendum.
1111 3095 1185 3180 Qua
1200 3096 1240 3162 de
1256 3119 1355 3164 causa

143 3205 313 3263 cunctatus
340 3199 383 3264 sit
410 3219 526 3262 munus
549 3199 726 3282 suscipere,
756 3197 805 3260 his
829 3197 936 3262 verbis
958 3197 1110 3262 obscurat
1131 3201 1235 3283 magis
1257 3223 1356 3283 quam

143 3299 297 3366 declarat:
322 3295 358 3366 οὔ
381 3297 440 3387 γὰρ
462 3295 593 3388 ἠγνόουν
614 3297 666 3366 ὅτι
688 3297 706 3365 ὁ
732 3296 875 3388 ποιήσας
895 3323 928 3364 τι
949 3303 1094 3365 τοιοῦτον
1116 3297 1194 3386 παρ’
1211 3297 1286 3385 ὑμῖν
1299 3303 1356 3370 καὶ

144 3401 264 3468 παθὼν
294 3397 484 3488 ἀπέρχεται·
522 3397 552 3468 τί
579 3400 614 3468 δὲ
642 3400 686 3490 μὴ
712 3403 900 3490 τηλικοῦτον
925 3399 1009 3468 ὥστε
1035 3397 1135 3480 εὐθὺς
1162 3398 1354 3488 αἰσθέσθαι,

142 3499 207 3570 ἀλλ’
223 3504 280 3571 ἐὰν
295 3504 403 3572 πολλὰ
417 3509 552 3570 τοιαῦτα
568 3507 649 3593 ποιῇ
664 3503 719 3570 καί
734 3503 778 3592 μὴ
794 3501 948 3592 παύηται,
964 3503 1044 3586 ταχὺ
1060 3504 1225 3591 γνώσεται.
1261 3507 1354 3592 Quae

143 3609 238 3674 verba
275 3609 308 3674 ni
345 3609 456 3694 inepta
491 3631 560 3674 esse
593 3615 758 3692 putemuS,
793 3607 1040 3674 existimandum
1086 3615 1137 3674 est
1178 3629 1250 3674 eum
1289 3612 1355 3676 iam

142 3713 269 3796 saepius
304 3711 523 3778 accusationes
556 3711 734 3776 instituisse
772 3710 909 3794 ideoque
942 3711 1107 3777 dubitasse
1141 3712 1237 3778 etiam
1270 3711 1355 3778 hanc

141 3815 310 3898 suscipere.
374 3813 460 3880 Nam
496 3813 601 3880 elucet
638 3837 677 3880 ex
712 3813 822 3880 multis
857 3813 935 3880 locis
972 3821 1151 3896 oratorum,
1192 3815 1354 3882 homiuem

141 3915 331 3982 illiberalem
357 3923 390 3982 et
419 3917 651 4000 sycophantam
682 3917 828 3982 habitum
857 3937 926 3981 esse
955 3917 997 3982 ab
1023 3917 1294 4000 Atheniensibus,
1325 3919 1353 3984 si

142 4019 213 4104 quis
242 4019 276 4084 in
305 4019 429 4086 deliciis
457 4019 606 4100 heberet,
636 4019 726 4084 nulla
748 4020 817 4102 ipse
837 4019 956 4084 iniuria
976 4019 1157 4100 lacessitus,
1186 4019 1258 4084 aliis
1280 4021 1353 4086 litos

141 4121 317 4202 intentare,
349 4127 383 4186 et
409 4121 569 4204 videmus,
600 4127 801 4187 accusatores
824 4143 920 4204 saepe
943 4143 1055 4188 causas
1078 4123 1206 4206 afferre,
1235 4123 1352 4206 quibus

143 4225 247 4289 coacti
275 4225 341 4290 siut
367 4247 458 4290 reum
485 4225 518 4290 in
541 4225 590 4290 ius
613 4246 736 4290 vocare.
781 4225 835 4310 (of.
864 4223 940 4308 Lys.
964 4229 1014 4306 22,
1041 4229 1074 4304 13
1106 4231 1154 4308 12,
1178 4231 1211 4304 2;
1242 4229 1293 4306 24,
1320 4231 1351 4302 l;

141 4325 234 4392 Dem.
257 4332 309 4408 22,
337 4335 367 4404 1;
392 4329 443 4406 24,
467 4331 503 4406 8;
532 4331 582 4408 53,
609 4332 642 4408 13
671 4331 800 4410 59,15;
829 4325 946 4394 Aesch.
973 4332 1001 4408 1,
1026 4329 1069 4414 1.)
1114 4327 1179 4396 Sed
1201 4327 1285 4394 hanc
1305 4329 1352 4394 iu-

140 4428 260 4494 sidiam
282 4431 309 4494 si
332 4429 386 4494 ille
409 4429 553 4510 timebat,
576 4429 655 4514 quid
677 4451 749 4496 eum
772 4432 886 4513 co'e'git,
911 4435 948 4495 ut
969 4437 1126 4516 perpetuo
1153 4430 1208 4518 (cf.
1230 4429 1285 4498 καί
1307 4429 1351 4520 μὴ
