3102 4910
685 257 887 376 Δ...

182 489 290 549 autem
318 489 426 548 ratum
455 503 488 547 se
517 481 582 548 iam
605 483 691 548 omni
714 484 824 550 debito
847 504 916 548 esse
938 481 1091 564 liberum,
1120 475 1229 547 multis
1251 479 1325 546 lites
1347 475 1396 546 in·

181 587 322 652 tendisse
353 609 391 652 ac
420 608 516 670 saepe
548 587 636 670 apud
665 589 819 672 populum
850 585 1071 650 contionatum
1100 607 1179 650 esse.
1228 585 1293 652 Sed
1322 607 1396 650 oum

182 710 298 754 nomen
329 690 396 753 eius
420 690 460 754 de
481 690 601 754 tabulis
625 712 688 754 non
712 695 895 773 exemptum
918 693 1016 767 esset,
1046 709 1066 750 a
1090 687 1238 771 Lycurgo
1263 689 1310 772 (et
1328 688 1396 753 De-

180 790 362 878 mosthene)
392 814 464 857 eum
493 813 560 857 esse
589 797 791 874 accusatum,
820 792 908 874 quod
936 791 1099 854 civitatem
1127 797 1239 855 eontra
1261 791 1311 854 ius
1333 791 1396 855 sibi

182 895 379 978 sumpsisset.

266 996 321 1062 sic
344 996 411 1060 fere
434 1001 669 1077 argumentum.
714 995 808 1060 Haec
824 997 931 1060 omnia
946 995 1013 1060 tani
1029 995 1114 1060 clare
1130 1001 1162 1059 et
1177 994 1246 1059 fuse
1262 1001 1396 1060 narrata

182 1106 267 1180 sunt,
300 1105 336 1162 ut
366 1119 425 1182 pro
457 1103 544 1162 corto
576 1097 696 1164 hebere
727 1099 901 1181 possimus,
936 1119 975 1162 ea
1007 1120 1046 1162 ex
1076 1099 1221 1162 oratione
1252 1097 1397 1181 Lycurgi

180 1201 326 1283 fluxisse,
355 1221 451 1284 quem
479 1201 662 1264 accuratius
689 1199 728 1264 de
761 1201 811 1266 his
846 1201 942 1266 rebus
970 1200 1152 1284 disputasse
1185 1201 1253 1284 ipse
1282 1206 1397 1266 auctor

180 1303 268 1368 dicit.
313 1303 351 1367 cf.
380 1301 491 1366 verba:
541 1306 651 1367 Ταῦτα
682 1301 740 1385 μὲν
773 1301 812 1390 δὴ
844 1301 886 1367 τὰ
919 1299 1098 1390 ζητήματα,
1134 1299 1395 1389 ἐνηγώνισται

180 1405 213 1469 d’·
241 1400 376 1478 αὐτοῖς
403 1399 420 1468 ὁ
454 1408 678 1492 Λυκοῦργος
714 1403 770 1470 ἅτε
802 1403 954 1492 πρότερος
984 1403 1092 1490 λέγων.
1137 1405 1277 1470 Accedit
1307 1406 1396 1490 quod

180 1508 278 1573 verba
319 1508 388 1590 ipse
430 1507 593 1572 interdum
642 1508 751 1573 stilum
799 1515 963 1574 oratorum
1007 1509 1205 1574 Atticorum·
1239 1508 1396 1574 redolent.

179 1610 218 1675 of.
246 1608 360 1697 γράφει
390 1609 559 1697 ψήφισμα,
589 1613 746 1696 πρῶτον
776 1609 845 1692 μὲν
880 1606 1214 1695 ἀπροβούλευτον,
1251 1605 1396 1675 ἔπειτα

179 1711 421 1778 δεινότατον
444 1720 476 1778 et
499 1735 582 1795 quae
605 1721 793 1796 sequuntur.

265 1815 304 1879 In
335 1801 481 1881 oratione
509 1838 613 1900 pauca
639 1818 679 1882 de
708 1817 757 1880 his
785 1815 882 1880 rebus
905 1815 1003 1880 verba
1025 1816 1146 1898 passim
1167 1814 1263 1894 fiunt,
1294 1835 1333 1878 ec
1354 1836 1395 1880 ne

179 1938 218 1982 ea
246 1918 377 2001 quidem
407 1940 480 1984 oum
510 1921 693 2002 argumenti
719 1920 906 1984 narratione
934 1925 1060 1982 coeunt.
1106 1918 1252 1984 Primum
1280 1937 1319 1982 ex
1346 1937 1396 1982 ar·

179 2027 350 2103 gumento,
386 2021 473 2105 quod
506 2020 568 2112 hoc
600 2022 671 2104 ipso
698 2021 768 2087 loco
797 2021 941 2106 Lycurgi
973 2021 1072 2088 verba
1100 2020 1229 2086 videtur
1263 2019 1393 2101 referre,

178 2123 293 2204 elucet,
315 2123 357 2188 ad
380 2147 481 2190 unum
498 2123 684 2190 Hieroclem
705 2125 908 2208 rogationem
929 2124 1019 2188 illam
1034 2123 1269 2207 Aristogitonis
1291 2131 1396 2207 spect·

177 2247 259 2292 asse.
318 2225 417 2310 Quod
446 2227 524 2310 quin
552 2234 745 2309 statuamus,
771 2226 932 2292 Dinarchi
957 2226 1069 2306 verba,
1101 2227 1156 2308 qui
1185 2226 1290 2292 obiter
1324 2248 1393 2292 rem

178 2329 296 2411 attigit,
320 2350 384 2394 non
413 2330 543 2396 obstare
566 2329 645 2394 mihi
667 2330 826 2396 videntur.
871 2330 910 2394 cf.
935 2328 1012 2394 Diu.
1037 2328 1083 2410 ΙΙ,
1109 2334 1146 2394 12
1176 2323 1234 2394 οὐκ
1251 2323 1393 2414 Ἀριστο-

176 2427 288 2516 γείτων
309 2428 406 2512 ἑστίν,
430 2421 456 2496 ὦ
476 2426 655 2519 Ἀθηναῖοι,
679 2428 696 2498 ὁ
719 2431 822 2498 κατὰ
843 2435 908 2520 τῆς
924 2426 1072 2518 ἱερείας
1093 2426 1394 2519 οῆςἈροέμιδος

176 2536 242 2622 τῆς
273 2531 534 2622 Βραυρωνίας
562 2533 627 2599 καί
654 2539 732 2599 τῶν
762 2531 924 2600 οἰκείων
954 2529 1072 2621 αὐτῆς
1099 2537 1234 2600 τοιαῦτα
1261 2535 1391 2622 γράψας
1433 2577 1437 2584 ·

176 2635 233 2704 καὶ
263 2635 476 2722 ψευσάμενος,
508 2635 592 2702 ὥσθ’
619 2633 710 2721 ὑμᾶς
732 2631 804 2704 aas.
849 2639 1013 2703 Discimus
1047 2657 1086 2700 ex
1114 2636 1163 2700 his
1194 2638 1393 2704 sacerdotem

175 2739 265 2805 illam
287 2739 386 2806 fuisso
409 2741 539 2806 Dianae
561 2741 778 2822 Brauroniae,
807 2748 840 2806 et
865 2741 1122 2806 Phanostratum
1144 2739 1393 2824 Hieroclemque

176 2843 243 2908 eius
259 2842 356 2908 fuisso
372 2845 581 2924 necessarios,
598 2865 701 2926 neque
717 2865 792 2910 vero
807 2844 907 2911 verba
921 2865 980 2908 nos
995 2849 1125 2926 cogunt,
1148 2849 1185 2908 ut
1200 2848 1393 2927 statuamus,

174 2951 303 3030 praeter
319 2945 507 3012 Hieroclem
529 2947 637 3030 plures
660 2949 756 3014 etiam
779 2949 847 3013 eius
863 2946 1061 3012 necessarios
1076 2966 1146 3010 esse
1161 2945 1391 3031 deprehensos:

176 3047 345 3116 Orationis
369 3055 487 3132 autem,
512 3049 551 3116 de
575 3072 639 3133 qua
662 3051 796 3135 agimus,
821 3051 959 3133 scriptor
982 3049 1070 3130 dicit,
1094 3055 1160 3115 tres
1183 3051 1267 3115 cives
1282 3050 1316 3115 in
1330 3049 1393 3116 hac

173 3151 229 3244 lite
252 3152 294 3218 ab
316 3152 543 3236 Aristogitone
564 3155 598 3218 in
621 3154 792 3218 discrimen
815 3175 884 3218 esse
907 3159 1046 3219 vocatos.
1089 3153 1130 3218 of.
1147 3151 1165 3240 ξ
1184 3159 1235 3218 87.
1273 3148 1309 3218 οὐ
1332 3150 1393 3240 γὰρ

173 3251 284 3337 ὅμοιόν
311 3252 411 3336 ἐστιν,
437 3250 683 3342 Ἀριστογειτον,
711 3251 784 3321 οὐδὲ
813 3256 936 3322 πολλοῦ
965 3256 1027 3336 δεῖ,
1056 3253 1228 3342 γράψαντά
1254 3277 1290 3320 σε
1318 3259 1393 3320 τῶν

174 3357 347 3424 πολιτῶν
376 3362 478 3446 τρεῖς
508 3353 695 3445 ἀκρίτους
725 3353 964 3424 ἀποκτεῖναι
993 3357 1117 3446 γραφὴν
1146 3355 1266 3424 ἁλῶναι
1289 3383 1393 3446 παρα-

172 3457 277 3542 νόμων
308 3455 380 3525 κτὰ.
423 3462 480 3527 Ab
515 3463 697 3545 argumenti
735 3464 922 3528 narratione
960 3463 1041 3528 setis
1077 3463 1208 3546 copiosa
1240 3463 1300 3528 hoo
1336 3464 1393 3529 ab·

171 3564 301 3631 horrere
324 3566 529 3648 perspicuum
553 3572 610 3630 est.
653 3564 720 3631 Sed
739 3567 869 3648 gravior
894 3567 993 3632 etiam
1017 3563 1193 3632 difficultas
1210 3565 1342 3648 orietur,
1365 3568 1393 3632 si

170 3672 352 3750 temporum
380 3667 557 3748 rationem,
588 3668 706 3751 quibus
734 3669 814 3734 haec
843 3669 951 3734 omnia
972 3667 1061 3732 facta
1091 3668 1170 3750 sint,
1194 3670 1389 3735 constituero

175 3769 375 3836 conabimur.

257 3872 425 3956 Temporis
454 3874 614 3956 spatium,
640 3872 726 3956 quod
755 3873 816 3954 eis,
849 3873 905 3956 qui
934 3873 1071 3956 pecunia
1098 3874 1228 3958 publice
1259 3873 1393 3939 multati

171 3981 274 4059 erant,
297 3976 438 4042 dabatur
459 3977 501 4040 ad
523 3975 657 4040 multam
673 3975 870 4056 solvendam,
894 3984 1070 4060 antequam
1093 3976 1390 4066 conduplicaretur,

169 4080 203 4146 iu
225 4080 403 4145 minoribus
426 4080 532 4144 causis
554 4079 617 4145 fuit
632 4079 781 4145 undecim
797 4080 931 4160 dierum,
953 4080 986 4144 iu
1008 4079 1194 4159 maioribus,
1219 4081 1302 4144 sicut
1317 4079 1386 4146 sine

173 4182 272 4248 dubio
287 4183 320 4248 in
336 4204 434 4250 causa
446 4184 695 4265 Aristogitonis,
713 4205 814 4266 usque
831 4183 873 4248 ad
887 4204 1005 4248 nonam
1020 4183 1204 4266 prytaniam
1217 4181 1391 4267 patebat.⁹)

257 4456 279 4528 ⁹)
299 4455 333 4509 ef.
353 4457 387 4510 de
408 4455 451 4508 his
469 4453 552 4508 rebus
573 4455 696 4522 Boeckh‚
721 4457 843 4513 Stsatsh.
862 4474 889 4526 p.
908 4457 959 4508 506
978 4473 1017 4525 sq.
1036 4455 1117 4510 Dem.
1136 4460 1177 4524 59,
1196 4459 1212 4509 7
1237 4461 1265 4510 et
1283 4455 1391 4510 Andos.

169 4545 194 4610 l,
214 4545 256 4596 73.
