3102 4910
766 217 806 276 22

189 441 271 505 quae
302 421 335 484 in
364 418 523 484 Dinarchi
552 419 696 483 oratione
723 418 826 482 altera
853 417 1018 499 leguntur,
1047 417 1113 482 iam
1134 417 1339 482 Maetznerus
1365 417 1397 480 in
1518 443 1519 500 j

93 525 96 532 '
185 523 324 588 editione
339 521 497 586 Dinarchi
511 522 645 586 monuit.
680 519 885 603 Quamquam
900 519 961 584 hoo
976 541 1040 583 non
1055 519 1173 584 sufficit
1187 519 1229 583 ad
1244 520 1397 602 suspicio-

184 647 258 692 nem
281 624 486 704 movendam,
516 623 602 706 quod
622 622 725 686 multa
746 622 780 686 in
801 623 863 687 hac
883 624 1029 687 oratione
1052 622 1211 704 copiosius
1234 621 1397 705 descripta

185 735 261 793 sunt
292 749 389 812 quam
421 726 507 810 apud
541 726 753 794 Dinarchum.
798 725 885 790 Nam
908 747 947 790 ex
969 726 1145 808 Hyperidis
1176 725 1226 790 vel
1253 724 1397 808 Lycurgi
1427 785 1429 790 ,

185 829 385 895 orationibus
407 834 536 912 sumpta
557 849 626 893 esse
647 835 792 911 possunt.
837 828 890 912 Ac
911 827 1096 911 Lycurgum
1118 827 1247 910 quidem
1270 827 1310 892 de
1333 828 1399 891 vita

184 932 420 1015 Aristogitonis
441 931 624 1014 disputasse
645 937 809 1014 testesque
829 932 1010 1015 protulisse,
1036 953 1075 996 ex
1090 930 1152 994 hac
1166 931 1237 1013 ipsa
1253 930 1399 994 oratione

189 1037 293 1101 elucet
321 1034 375 1119 (cf.
399 1033 418 1119 ξ
442 1037 484 1098 54
506 1031 618 1120 ὥσπερ
638 1028 796 1122 ἠκούσατε
822 1029 964 1118 Φαίδρου
990 1039 1023 1098 et
1044 1033 1063 1120 ξ
1087 1038 1126 1097 55
1150 1031 1262 1115 ὥσπερ
1284 1025 1400 1116 ἀρτίως

187 1133 343 1226 ἠκούσατε
365 1139 430 1200 τῶν
450 1135 645 1222 μαρτύρων).
681 1137 746 1204 Sed
768 1137 879 1202 rhetor
894 1135 971 1202 dicit
993 1157 1026 1200 se
1042 1136 1229 1200 additurum
1244 1135 1399 1200 nonnulla

187 1241 254 1306 eius
276 1240 454 1305 narrationi
477 1238 529 1324 (of.
553 1240 572 1326 ξ
593 1244 634 1304 54
653 1239 765 1304 δεινῶν
786 1238 846 1326 γὰρ
867 1233 968 1304 ύντων
989 1236 1045 1304 καὶ
1068 1233 1125 1303 οὐκ
1147 1235 1283 1319 ἐχόντων
1304 1232 1400 1322 ὑπερ·
1520 1319 1521 1326 ρ

184 1340 290 1430 βολήν,
319 1329 364 1406 ὧν
390 1336 548 1430 ν’γιούσατε
574 1337 647 1427 δι’ρτι
669 1340 813 1427 λέγοντος
834 1340 1035 1425 Λυκούργου,
1058 1339 1100 1405 τὰ
1121 1338 1225 1406 λοιπὰ
1247 1336 1400 1422 ἐνάμιλλα

186 1442 313 1519 τούτοις
344 1441 401 1508 καὶ
434 1446 491 1531 τῆς
522 1439 621 1532 αύτής
653 1442 779 1531 φύσεως
811 1440 1042 1533 εὑρεθήσεται).
1086 1444 1205 1527 Itaque
1238 1464 1279 1507 ne
1314 1443 1400 1526 apud

187 1547 375 1631 Lycurgum
401 1547 539 1630 quidem,
564 1569 647 1630 quae
674 1547 806 1630 profert,
828 1547 1029 1630 legebantur.
1074 1546 1158 1612 Sunt
1180 1552 1288 1611 antem
1310 1545 1399 1626 talia,

187 1656 224 1714 ut
264 1670 328 1713 non
363 1648 493 1714 difficile
537 1651 579 1714 sit
614 1649 782 1715 falsarium
820 1649 1070 1734 deprehendere.
1138 1647 1238 1715 Velut
1274 1655 1401 1733 patrem

187 1751 421 1835 Aristogitonis
442 1740 484 1816 ab
508 1773 545 1816 eo
560 1752 711 1818 Eretriae
730 1754 907 1818 incarcere
923 1773 990 1818 esse
1007 1752 1208 1831 destitutum,
1232 1752 1400 1835 Lycurgus
1521 1795 1522 1810 .

188 1860 379 1920 narraverat
411 1854 618 1938 Phaedrique
645 1857 865 1920 testimonium
894 1855 1059 1920 attulerat.
1105 1856 1145 1920 In
1167 1856 1228 1920 hac
1254 1856 1401 1920 oratione

188 1957 319 2021 additur
335 1955 368 2041 (ξ
385 1957 441 2041 54)
453 1957 711 2040 Aristogitonem
725 1959 830 2041 ipsum
845 1963 970 2041 patrem
982 1964 1144 2023 mortuum
1158 1979 1222 2022 non
1239 1959 1402 2041 sepeliisse

188 2081 293 2144 neque
307 2060 345 2123 iis
361 2059 416 2142 qui
427 2057 587 2136 fecissent,
603 2060 782 2124 mercedem
798 2061 939 2141 solvisse,
953 2061 1009 2126 sed
1019 2061 1109 2125 litem
1122 2061 1202 2125 adeo
1215 2061 1400 2125 intendisse.

188 2161 289 2245 Apud
304 2161 505 2226 Dinarchum
521 2161 691 2248 legimus§
712 2167 750 2226 18
764 2166 917 2226 τοσοῦτον
937 2159 964 2226 δ
982 2158 1183 2228 ἀπολέλοιπε
1200 2167 1261 2228 τοῦ
1278 2161 1403 2248 πατρὸς
1522 2157 1523 2192 l

187 2262 295 2353 μνῆμά
308 2288 341 2328 τι
357 2252 478 2344 tyriaci
495 2259 663 2352 Ἀθηναῖοι
679 2265 791 2345 δεῖξαι,
815 2260 890 2329 ὥστ’
908 2261 973 2330 οὐδ’
990 2263 1024 2330 ἐν
1037 2260 1179 2353 Ἐρετρίᾳ
1199 2269 1257 2330 τοῦ
1279 2264 1403 2348 πατρὸς

189 2362 288 2434 αὐτοῦ
301 2365 543 2455 τελευτήσαντος
563 2365 628 2434 ἐκεῖ
647 2365 689 2434 τὰ
703 2366 890 2451 νομιζόμενα
905 2365 1055 2456 ἐποίησεν
1069 2363 1165 2455 αὐτῷ.
1210 2369 1328 2452 Itaque
1343 2370 1403 2434 hoc

189 2491 300 2536 verum
316 2474 373 2551 est,
393 2470 647 2554 Aristogitonem
665 2473 769 2554 patris
786 2472 890 2536 funeri
907 2473 994 2536 iusta
1010 2493 1074 2536 non
1093 2471 1213 2552 fecisse,
1237 2473 1294 2537 sed
1315 2473 1402 2555 quod

191 2574 270 2638 dicit
277 2572 436 2652 falsarius,
446 2573 535 2638 litem
544 2573 676 2656 insuper
686 2575 736 2654 iis,
749 2576 805 2658 qui
817 2573 1025 2657 sepeliissent,
1040 2574 1081 2638 ab
1090 2574 1145 2638 illo
1156 2595 1225 2638 esse
1234 2575 1401 2656 intentam,

190 2677 251 2740 hoo
272 2695 378 2740 nonne
400 2696 458 2758 per
480 2695 513 2740 se
535 2677 641 2759 ipsum
664 2679 750 2741 omni
772 2675 1004 2760 probabilitate
1027 2677 1138 2741 earet?

276 2777 418 2843 Similem
434 2778 467 2842 in
483 2780 613 2843 modum
628 2780 683 2860 roi,
708 2801 805 2863 quam
821 2801 860 2844 ex
874 2779 1024 2862 Lycurgo
1041 2779 1185 2860 sumpsit,
1208 2778 1227 2864 §
1243 2782 1294 2859 55,
1311 2779 1403 2844 addit

190 2880 465 2945 narratiunculam
485 2861 529 2945 'dc
551 2903 660 2948 sorore
676 2882 919 2966 Aristogitonis,
944 2902 1041 2963 quam
1056 2882 1162 2946 nescio
1179 2903 1221 2944 an
1236 2880 1279 2945 ad
1294 2883 1403 2946 simili-

190 2981 334 3048 tudinem
349 2982 412 3046 loci
426 2982 680 3066 Demosthenici,
703 2985 760 3068 qui
774 2989 824 3049 est
838 2987 889 3064 24,
904 2988 975 3064 303,
992 2985 1192 3068 expresserit.
1238 2984 1276 3047 cf.
1295 2989 1345 3066 25,
1364 2990 1402 3049 55

189 3083 247 3174 τήν
272 3079 412 3172 ἀδελφὴν
437 3083 494 3172 τήν
520 3080 635 3151 ἑαυτοῦ
657 3082 714 3168 οὐχ
732 3082 938 3172 ὁμοπατρίαν
964 3083 1022 3169 μὲν
1051 3076 1163 3167 οὖσαν,
1186 3083 1350 3171 θυγατέρα
1375 3081 1402 3150 δ’

191 3184 309 3274 ἐκείνης
338 3182 558 3275 ὁπωσδήποτε
584 3187 749 3278 γενομένην
779 3187 836 3273 (ἐῶ
861 3187 920 3274 γὰρ
947 3190 1071 3275 τοῦτο),
1103 3183 1170 3254 ἀλλ’
1203 3183 1344 3278 ἀδελφήν
1370 3212 1403 3274 γε

191 3286 254 3356 ἐπ’
278 3289 456 3378 ἐξαγωγῇ
478 3285 651 3379 δπέδοζτο
674 3315 746 3358 cum
762 3289 813 3372 24,
829 3297 890 3357 203
907 3284 942 3368 ὃς
956 3281 1011 3356 οὖν
1025 3289 1081 3379 τήν
1101 3289 1159 3374 μὲν
1182 3286 1322 3380 ἀδελφήν
1343 3286 1401 3357 ἐπ’

191 3390 369 3480 ἐξαγωγῇ
389 3390 485 3481 φήσει
506 3391 564 3476 μὲν
586 3391 733 3460 ἐκδοῦναι
755 3393 937 3479 πέπρακε
959 3392 995 3459 δὲ
1016 3397 1063 3481 τῷ
1083 3389 1173 3479 ἔργῳ.

277 3495 405 3562 Deinde
431 3502 544 3560 narrat
573 3496 607 3583 (ξ
636 3502 676 3560 56
692 3538 716 3544 -
732 3498 787 3584 57)
810 3497 919 3580 fugam
943 3497 1178 3580 Aristogitonis
1202 3519 1240 3562 ex
1263 3518 1402 3579 carcere,

192 3597 348 3682 quemad
370 3598 554 3688 fingendam
570 3599 715 3682 suspicor
730 3621 803 3664 eum
825 3621 937 3664 ansam
960 3601 1082 3683 cepisse
1105 3621 1143 3663 ex
1157 3600 1228 3664 loco
1245 3599 1403 3664 Dinarchi

192 3702 210 3788 ξ
237 3705 276 3768 14
297 3693 681 3788 ὃν-κατειγηφισμένον
702 3698 769 3768 ὑπὸ
792 3705 857 3766 τῶν
879 3702 1024 3766 πολιτῶν
1037 3700 1093 3766 καὶ
1109 3700 1245 3768 δοθέντα
1260 3700 1403 3788 φυλάξαι

190 3797 262 3868 oto’
294 3798 324 3868 oi
346 3798 458 3867 ἕνδεκα
492 3801 675 3891 δεδύνηνται
698 3800 771 3869 ούτε
802 3803 840 3870 τὸ
875 3803 1088 3893 δεσμωτήριον
1120 3800 1192 3870 κτᾶ.
1253 3805 1402 3888 Quodsi

191 3910 386 3986 verumest,
416 3905 449 3969 id
478 3925 551 3970 eum
573 3906 670 3990 fugit,
699 3909 786 3990 quod
808 3908 967 3974 Dinarchi
995 3908 1094 3974 verba
1118 3909 1161 3972 ad
1182 3915 1308 3992 tempus
1330 3914 1404 3991 post

190 4010 426 4074 accusationem
448 4007 590 4091 Lycurgi
613 4016 769 4092 spectant.

276 4112 417 4176 Maxime
463 4113 573 4176 arrisit
620 4111 742 4177 rhetori
788 4115 874 4196 quod
925 4113 1005 4196 legit
1053 4113 1139 4196 apud
1189 4111 1402 4193 Dinarchum,

191 4214 313 4278 furtum
345 4213 409 4278 dici
444 4213 486 4278 ab
518 4213 743 4298 Aristogitone
777 4218 810 4281 in
846 4237 975 4281 carcere
1008 4217 1211 4280 commissum
1246 4236 1314 4278 esse
1348 4215 1402 4300 (ef.

191 4315 266 4380 Diu.
296 4322 325 4397 2,
351 4321 389 4380 10
418 4313 569 4404 κλέπτην,
599 4316 647 4393 ὥς
677 4340 790 4402 φασι,
819 4316 987 4406 ληφθέντα
1008 4315 1134 4384 τουτονὶ
1156 4313 1233 4402 παρ)
1257 4313 1402 4405 ἐκείνοις)

191 4425 224 4484 et
264 4420 459 4502 excogitavit
501 4419 701 4486 historiolam
743 4443 908 4504 spurcam,
952 4441 1049 4503 quam
1086 4420 1199 4484 vividis
1243 4421 1403 4486 coloribus
