3102 4910
752 255 794 318 43

163 461 303 526 imitatio
325 465 471 526 veterum
493 465 659 524 oratorum
681 481 818 543 quorum
834 461 1005 526 dictionem
1021 461 1131 524 rhetor
1146 448 1381 521 accuratissime

164 563 327 646 cognitam
348 561 501 626 habebat.
533 561 636 626 Plena
658 569 707 626 est
722 568 793 627 tota
816 565 921 628 oratio
944 562 1119 639 sententiis,
1141 557 1262 640 figuris,
1287 549 1383 634 phra-
1450 567 1453 574 ’

165 665 280 744 sistris,
297 665 419 744 serbis,
444 683 529 747 quae
551 663 594 728 ab
614 665 799 730 oratoribus
821 687 893 730 cum
909 667 1024 730 ceteris
1038 672 1107 730 tum
1129 653 1384 726 aDemosthene

164 767 288 834 didicit.
333 767 518 834 Nonnullos
547 767 635 831 locos
663 767 758 830 huius
786 769 913 850 generis
936 789 1035 852 supra
1056 765 1236 848 attigimus,
1265 753 1385 820 multos

166 871 250 936 alios
271 871 454 948 DobraeuS,
471 869 631 948 Blassius,
656 869 794 934 Weilius
809 877 1013 950 notaverunt,
1037 866 1159 954 velut§
1183 869 1202 929 6
1226 889 1266 918 ==
1289 857 1383 921 Dem-

166 979 217 1054 20,
240 978 298 1051 83;
329 971 348 1058 ξ
374 976 414 1036 14
435 1001 479 1028 --·
502 975 531 1050 5,
564 977 599 1050 33
630 970 711 1057 §31
736 1001 780 1028 =
803 977 852 1052 19,
877 978 938 1038 283
962 979 995 1040 et
1017 979 1046 1054 8,
1071 976 1109 1036 51
1133 967 1187 1055 (of.
1211 963 1311 1028 etiam
1334 956 1385 1030 2⁰>

169 1079 357 1154 10611124,
381 1076 447 1160 57),
478 1073 497 1160 η
527 1078 568 1137 36
590 1103 632 1129 =
657 1077 707 1154 18,
737 1077 779 1136 88
810 1080 1016 1154 11ε4,1ο1;
1049 1075 1131 1160 §47
1162 1099 1197 1124 =
1228 1056 1385 1141 192091

168 1179 251 1265 §48
272 1155 1387 1264 :18,123,§55=18‚261;§74=18,13;§76=232

169 1285 246 1358 1003
278 1280 359 1363 ,εει
382 1309 424 1336 =
449 1283 498 1360 19,
524 1283 606 1356 2003
638 1277 960 1362 §82:181193
990 1280 1139 1366 §902
1161 1266 1281 1337 Aeson.
1306 1262 1334 1334 3,
1358 1255 1388 1315 4·

252 1382 337 1462 Nos,
366 1405 438 1447 oum
460 1382 614 1460 sciamus,
645 1381 802 1444 orationis
830 1382 1020 1464 scriptorem
1047 1379 1213 1444 hominem
1242 1359 1391 1431 Atticum

167 1507 230 1550 non
253 1484 366 1564 irrisae,
394 1485 528 1549 minoris
555 1483 655 1548 etiam
684 1484 838 1546 momenti
866 1484 1091 1549 similitudines
1123 1497 1190 1541 non
1225 1487 1315 1546 casu,
1338 1455 1395 1526 sod

166 1583 342 1652 imitatione
367 1587 499 1653 effectas
523 1607 592 1652 esse
614 1584 813 1668 putabimus,
845 1586 958 1667 quales
985 1587 1048 1648 hae
1077 1586 1172 1646 sunt:
1221 1573 1242 1660 ξ
1268 1576 1286 1634 5
1313 1565 1353 1632 δι’
1377 1551 1398 1629 δ

167 1687 198 1755 δ’
225 1685 265 1756 δν
292 1688 347 1754 καὶ
375 1686 451 1778 μηδ’
481 1685 591 1754 ότιούν
621 1682 747 1752 άδικοῖν
776 1699 828 1762 τις
854 1681 958 1751 ἔδεισε
979 1717 1022 1744 =
1047 1689 1097 1764 19,
1125 1683 1187 1746 221
1225 1668 1279 1761 ἔφ’
1310 1659 1356 1746 Οἷς
1382 1661 1400 1734 ὁ

165 1789 241 1884 μηδ’
264 1789 371 1858 ὁτιοῦν
392 1788 513 1858 ἀδικῶν
534 1789 729 1878 ἐφοβούμην.

251 1897 270 1982 ξ
294 1901 323 1960 8.
355 1892 527 1982 βουλοίμην
549 1890 580 1959 δ’
606 1889 645 1958 δν
662 1931 701 1940 -
719 1887 803 1974 ὑμᾶς
825 1886 985 1968 ἐξετάσαι
1008 1926 1067 1968 -,
1092 1881 1135 1963 είς
1152 1880 1232 1974 ὅσην
1256 1873 1404 1965 αἰσχύνην

167 1999 221 2064 καί
244 1994 376 2079 ἀδοξίαν
398 2001 518 2085 προῆχε
538 1995 597 2086 τὴν
619 1993 719 2060 πόλιν
739 1987 804 2057 arri
827 2021 863 2046 ·--
883 1996 938 2070 23,
968 1993 1032 2055 142
1057 1989 1238 2068 θεάσασθε,
1261 1981 1308 2062 εἰς
1327 1980 1404 2072 ὅσην

173 2099 321 2188 αἰσχύνην
342 2096 381 2166 δν
403 2097 421 2188 ἡ
444 2099 542 2176 πόλις
563 2097 654 2188 ἡμῶν
675 2097 824 2184 ἐληλύθει
847 2092 888 2156 cf.
915 2091 1024 2158 etiam
1051 2097 1102 2178 19,
1125 2099 1194 2162 288,

257 2205 276 2292 ξ
302 2210 350 2268 10.
393 2202 437 2269 τὰ
473 2201 650 2288 προειμένα
680 2199 793 2286 πόρρω
821 2193 946 2280 βελτίω
980 2200 1123 2283 ποιῆσαι
1143 2230 1182 2256 =
1207 2197 1304 2266 Dem.
1336 2197 1406 2278 5,3

171 2307 213 2374 τὰ
234 2304 379 2394 παρόντα
401 2303 492 2372 ἔσται
514 2300 631 2388 βελτίω
653 2299 771 2366 καὶτὰ
794 2294 981 2382 προειμένα
1003 2303 1203 2394 σωθήσεται,

252 2412 271 2496 ᾗ
296 2414 343 2476 14.
380 2407 437 2473 καὶ
459 2409 514 2472 νῦν
536 2405 719 2472 ἐπὶτοῦτο
743 2399 950 2488 πορεύσομαι
976 2431 1020 2462 ==
1047 2409 1098 2492 18,
1122 2415 1184 2477 124
1207 2400 1271 2500 ἤδη
1293 2403 1324 2476 δ’
1349 2405 1407 2477 ἐπὶ

168 2518 270 2580 ταῦτα
291 2511 498 2598 πορεύσομαι.
1319 2587 1323 2594 ι

253 2617 345 2704 §ao
388 2613 469 2694 λέξω
504 2612 539 2678 δὲ
569 2607 643 2678 ούτε
670 2607 783 2674 καινὸν
811 2601 886 2671 οῖτε
916 2607 1076 2694 περιττὸν
1102 2610 1196 2684 ούδδν
1224 2618 1292 2689 ούτ’
1324 2619 1407 2692 ἴδιον

173 2712 283 2786 811’3
314 2717 434 2792 πάντες
460 2713 551 2800 ὑμεῖς
576 2711 647 2780 ἴστε
677 2709 799 2796 ὁμοίως
828 2705 901 2792 ἒμοί
922 2740 965 2765 --
987 2717 1017 2793 9,
1041 2720 1082 2779 55
1111 2717 1194 2800 λέξω
1222 2723 1256 2790 δ’
1280 2725 1357 2816 ἔργα
1383 2723 1405 2796 ἃ

176 2821 296 2899 πάντες
317 2817 457 2886 ε’ίσεοθε.

260 2925 352 3012 522.
393 2911 438 2986 ὧν
461 2914 497 2984 ἓν
524 2914 544 3008 ἢ
571 2917 629 2984 δύο
658 2915 720 3003 ἐρῶ
751 2908 1013 3000 παραδείγματος
1040 2915 1135 2985 ἕνεκα
1155 2953 1200 2980 =
1222 2934 1273 3011 23,
1296 2938 1336 2996 65
1359 2923 1405 2998 ὦ,

177 3024 316 3112 ὡσπερεὶ
338 3023 508 3110 δείγματος
528 3020 621 3088 ἕνεκα
643 3017 735 3102 άξιόν
758 3017 845 3084 ἐστιν
866 3010 901 3079 ’ἓν
922 3010 942 3103 ἢ
963 3016 1022 3082 δύο
1044 3015 1194 3090 ἀκοῦσαι,

263 3131 282 3218 ξ
312 3135 362 3194 27.
408 3123 542 3192 πάντων
571 3121 643 3210 άρτι
671 3117 890 3210 κληρουμένων
914 3114 1098 3209 Ἀθηναίων
1119 3155 1162 3184 =
1187 3134 1236 3210 19,
1260 3138 1275 3196 1
1306 3129 1402 3222 ἑώρα.

178 3231 276 3309 κότος
298 3227 370 3318 άρτι
391 3227 467 3304 τοὺς
488 3225 535 3296 ὅτ)
559 3227 755 3315 διληροῦσθε
774 3217 845 3289 κτά.

265 3337 284 3422 ξ
308 3341 358 3400 30.
395 3335 465 3408 τοῖς
493 3327 725 3418 πονηροτάτοις
751 3325 808 3392 καὶ
836 3325 968 3391 δοκοῦσι
997 3327 1055 3394 καί
1078 3319 1168 3396 οὖσιν
1189 3363 1231 3388 --
1254 3340 1305 3414 21,
1331 3343 1403 3404 217.

182 3433 360 3524 δίνθρωπον
380 3434 437 3500 καὶ
459 3433 615 3500 δοκοῦντα
637 3431 692 3496 καὶ
714 3426 794 3496 όντα
815 3425 930 3512 βίαιον.
975 3431 1014 3495 of.
1038 3433 1138 3497 etiam
1161 3439 1211 3514 20,
1239 3441 1308 3502 135.

268 3541 360 3626 §38
400 3537 509 3604 πάντα
539 3535 599 3622 γὰρ
630 3529 726 3600 ταῦθ’
755 3529 892 3618 ύπάρχει
917 3531 1031 3621 τούτῳ,
1060 3533 1117 3600 καὶ
1149 3535 1304 3620 πρόσεστι
1332 3547 1401 3619 τοῖς

183 3635 249 3719 οἷος
282 3631 377 3720 οὗτός
410 3640 480 3706 ἐστι
514 3639 571 3728 τὴν
603 3636 702 3726 φύσιν
722 3667 764 3694 ==
788 3642 837 3716 18,
870 3641 928 3702 122
959 3629 981 3702 ἃ
1006 3635 1058 3702 σοί
1087 3637 1143 3703 καί
1172 3643 1219 3728 τῷ
1245 3645 1293 3728 σῷ
1321 3641 1403 3728 γένει

186 3743 369 3832 πρόσεστιν.
809 3759 814 3770 “

271 3849 290 3934 ξ
314 3853 364 3912 38.
400 3841 458 3910 τὸν
479 3843 604 3932 ῥήτορα,
628 3831 654 3930 ᾦ
677 3839 829 3924 ἐπολέμει
851 3871 893 3898 =
915 3846 965 3922 21,
990 3845 1030 3906 29
1052 3838 1104 3906 ότι
1127 3839 1236 3930 ἐκείνῳ
1260 3846 1402 3929 πολεμῶ.

269 3953 289 4038 ξ
311 3955 362 4016 43.
401 3947 486 4037 πλὴν
506 3943 535 4012 εἰ
557 3943 760 4032 σινοφάνιου
781 3965 831 4018 τις
852 3941 907 4010 καὶ
933 3947 1074 4032 πονηροῦ
1088 3942 1219 4031 σπέρμα
1233 3946 1289 4012 καὶ
1304 3945 1401 4034 ῥίζαν,

186 4049 365 4140 ὡσπερανεὶ
387 4049 530 4138 γεωργός,
555 4045 655 4114 οῖετοι
677 4049 743 4114 δεῖν
765 4043 919 4132 ύπάρχειν
940 4051 981 4134 τῇ
1004 4043 1098 4112 πόλει
1114 4077 1157 4104 =
1171 4053 1222 4128 24,
1248 4053 1309 4114 154
1332 4045 1400 4116 ἀλλ’

187 4151 260 4222 ούδὲ
291 4153 422 4240 σπέρμα
451 4155 500 4220 δεῖ
532 4149 744 4236 καταβάλλειν
778 4147 812 4214 ἕν
839 4154 880 4238 τῇ
916 4147 1009 4216 πόλει
1039 4143 1162 4230 ούδίνα,
1188 4189 1225 4200 -
1248 4151 1403 4218 τοιούτων

188 4257 395 4344 πραγμάτων.

272 4363 292 4450 ξ
315 4365 365 4428 52.
411 4357 581 4442 πορεύεται
603 4355 659 4422 διὰ
681 4359 737 4444 τῆς
762 4349 879 4442 ἀγορᾶς
892 4385 935 4414 =
952 4359 1002 4436 19,
1018 4357 1089 4418 314.
1134 4353 1189 4420 διὰ
1210 4359 1266 4444 τῆς
1287 4349 1403 4442 άγορᾶς

190 4462 367 4552 πορεύεται.
411 4461 516 4526 Multo
545 4461 673 4544 saepius
702 4458 863 4524 invenitur
892 4457 979 4544 apud
1007 4461 1152 4522 oratores
1176 4456 1402 4546 περιέρχεσθαι
