3102 4910
735 237 775 297 29

147 459 168 501 a
190 438 313 521 populo
335 438 406 520 ipso
428 437 574 502 electum.
621 436 701 521 Quis
731 459 876 521 unquam
903 439 964 502 tali
991 443 1128 522 patrono
1156 439 1296 520 obstitit,
1324 461 1363 505 ne

147 561 207 622 pro
238 540 393 605 facultate
421 561 480 604 sua
503 561 632 604 oausam
662 537 806 604 diceret?
851 541 967 624 Itaque
990 548 1060 606 tota
1083 544 1243 608 sententia
1265 565 1362 625 quam

146 643 287 707 maxime
309 643 352 706 ab
375 641 436 706 hae
457 643 605 706 oratione
627 643 789 707 abhorret.

232 747 305 810 Iam
346 767 421 810 vero
463 746 684 812 animadverte
730 768 794 829 quo
833 745 1002 810 verborum
1050 746 1219 828 splendore
1253 747 1365 810 rhetor

145 847 275 912 utatur!
320 847 467 932 Usurpat
498 849 698 932 anaphoram
730 845 819 933 (ditae
842 887 882 894 —
905 845 979 912 δότε
1011 848 1051 911 of.
1087 848 1180 912 Dem.
1218 855 1266 929 te,
1303 854 1363 914 139

145 945 221 1016 δότε
243 945 275 1014 δ’
299 946 327 1015 si
348 947 514 1034 βοδδασθε,
539 949 612 1017 δότε
634 946 722 1038 αὐτῷ
735 952 855 1037 τοῦτο),
879 950 972 1014 addit
987 951 1248 1033 amplificationis
1266 973 1364 1016 causa

144 1055 244 1118 etiam
273 1075 381 1118 vocem
409 1055 522 1118 similis
549 1056 690 1120 notionis
717 1051 1023 1140 (oryxtopr‘oore).²³)
1068 1053 1119 1118 Ne
1148 1055 1209 1118 hoo
1232 1055 1364 1137 quidem

144 1163 318 1220 contentus
344 1157 531 1222 corroborat
558 1159 750 1222 sententiam
778 1159 864 1222 [ovis
891 1159 989 1222 etiam
1018 1157 1234 1220 obtestatione
1266 1155 1365 1242 (πρὸς

145 1255 252 1344 Διός).
299 1257 386 1342 Quid
409 1267 516 1324 autem
539 1265 600 1338 est,
631 1281 688 1322 cur
716 1268 785 1324 tam
811 1258 950 1323 flebilem
973 1259 1039 1323 iere
1062 1260 1095 1324 in
1119 1259 1247 1324 modum
1270 1266 1364 1342 roget

147 1369 184 1424 ut
213 1361 276 1425 sibi
303 1361 400 1427 liceat
429 1384 561 1427 munere
591 1383 649 1426 suo
679 1363 726 1427 ita
755 1362 858 1444 fungi,
890 1369 927 1426 ut
954 1362 996 1425 sit
1022 1367 1159 1426 naturae
1189 1384 1266 1426 suae
1290 1383 1364 1426 oon-

147 1464 278 1530 reniens
301 1469 401 1546 utque
423 1465 485 1529 sibi
507 1463 735 1548 proposuerit?
779 1465 855 1547 Ipse
878 1465 969 1529 nobis
993 1465 1116 1547 aperit:
1139 1463 1195 1530 καὶ
1218 1461 1278 1548 γὰρ
1293 1458 1362 1528 οὐδ’

148 1559 187 1628 δυ
218 1560 322 1641 ἄλλως
349 1563 511 1654 δυναίμην.
560 1568 725 1632 Pessimus
752 1589 830 1632 sane
859 1567 912 1632 hie
940 1575 1065 1648 orator,
1100 1569 1155 1650 qui
1188 1589 1227 1631 ne
1261 1567 1364 1648 possit

148 1668 280 1750 quidem
309 1669 373 1732 alio
402 1670 498 1733 modo
528 1669 617 1752 loqui
644 1691 742 1752 quam
767 1671 800 1733 in
830 1670 886 1735 lite
917 1671 1027 1754 aliqua
1055 1671 1116 1734 sihi
1145 1667 1363 1752 proposuerit!

149 1771 215 1836 Sed
244 1773 384 1854 ineptius
416 1773 515 1836 etiam
543 1778 605 1852 est,
635 1793 707 1836 eum
735 1793 860 1837 summa
888 1775 1026 1838 laterum
1049 1773 1270 1850 contentione,
1298 1771 1364 1852 ple-

149 1874 282 1938 nissimo
305 1881 466 1958 apparatu
486 1873 656 1938 verborum
685 1876 777 1939 nobis
799 1875 978 1956 affirmare,
1008 1897 1071 1940 uon
1093 1896 1188 1958 posse
1211 1895 1245 1936 se
1269 1874 1365 1936 aliter

149 1975 237 2058 loqui
264 1983 362 2059 atque
391 1983 508 2042 natura
531 1979 726 2042 constitutus
749 1979 800 2042 eit.
845 1979 912 2042 Per
934 2000 967 2042 se
989 1979 1096 2060 ipsum
1119 1977 1271 2041 nimirum
1295 1995 1366 2056 per-

150 2079 295 2162 spicuum
325 2087 387 2158 est,
418 2081 576 2144 neminem
603 2102 698 2163 posse
728 2087 877 2146 naturam
901 2103 993 2146 suam
1014 2087 1151 2144 mutare.
1198 2077 1297 2142 Tales
1319 2075 1366 2137 in-

150 2183 253 2264 eptias
275 2183 316 2246 ab
340 2189 469 2248 oratore
492 2183 630 2265 genuino
653 2184 741 2266 apud
764 2183 885 2247 iudioes
901 2183 1118 2249 Athenienses
1134 2182 1282 2264 prolatas
1297 2199 1366 2242 esse

149 2303 242 2348 nemo
271 2287 332 2350 erit
359 2285 416 2368 qui
444 2286 629 2350 contendat.
675 2284 786 2368 Quid?
830 2287 919 2368 quod
945 2287 1057 2350 eadem
1088 2285 1203 2366 verba,
1235 2283 1292 2348 sed
1323 2283 1369 2346 ita

151 2395 319 2469 usurpata,
351 2395 388 2452 ut
416 2387 498 2451 nihil
524 2389 652 2470 grarim
682 2390 784 2471 possit
811 2390 962 2472 eogitari,
994 2390 1080 2471 apud
1111 2387 1369 2454 Demosthenem

150 2495 179 2570 8,
202 2494 244 2554 24
271 2490 436 2572 leguntur:
463 2488 545 2570 λέξω
572 2489 608 2554 δὲ
628 2488 710 2573 μετὰ
734 2487 928 2577 παρρησίας·
952 2489 1007 2554 καὶ
1031 2489 1090 2575 γὰρ
1113 2485 1187 2556 οὐδ’
1206 2484 1246 2554 δν
1266 2486 1370 2565 ἄλλως

151 2588 310 2678 δυναίμην.
355 2593 473 2676 Itaque
500 2595 534 2658 in
557 2595 626 2676 ipso
649 2595 790 2658 facinore
813 2593 1084 2677 deprehendimus
1107 2594 1274 2659 rhetorem
1297 2594 1367 2658 flos·

151 2694 257 2758 culum
279 2695 565 2760 Demosthenicum
595 2697 656 2760 sibi
684 2698 926 2779 surripientem,
956 2697 1168 2780 quodquam
1191 2696 1367 2762 absurdum

152 2804 234 2862 esset
256 2799 409 2864 hocloco
433 2799 528 2862 homo
551 2800 742 2864 omniafere
765 2799 875 2864 iudicii
898 2820 1011 2882 expers
1033 2821 1097 2862 non
1122 2799 1261 2885 vidit.²⁴)

238 3071 274 3138 ²³)
296 3069 412 3124 Frustra
439 3071 563 3140 quaesivi
586 3073 660 3140 apud
684 3079 809 3124 oratores
835 3071 949 3124 Atticos
976 3071 1081 3134 locutu,
1111 3087 1168 3138 quo
1193 3069 1300 3126 διδόναι
1324 3081 1366 3126 καὶ

154 3165 299 3230 συγχωρεῖν
316 3159 465 3210 coniuncta
489 3163 566 3222 suut,
592 3163 706 3225 praeter
724 3159 749 3210 h.
769 3176 793 3210 o.
816 3161 885 3228 §45
904 3157 1009 3226 δίδωμι,
1029 3158 1176 3230 συγχωρῶ,
1205 3175 1294 3225 neque
1314 3159 1367 3212 hoo

153 3243 211 3296 siue
239 3261 323 3296 eausa
350 3245 418 3296 mihi
447 3244 560 3295 videtur
587 3243 730 3298 accidisse.
768 3243 839 3296 Nam
868 3251 994 3296 oratores
1022 3243 1141 3308 geuuini
1167 3244 1188 3295 si
1213 3261 1367 3312 synonyma

153 3347 221 3397 quae
246 3331 378 3382 dicuntur
402 3335 551 3398 rtatirpant,
576 3346 688 3398 semper
705 3335 825 3382 utuntur
845 3331 958 3384 voeihus
978 3330 1073 3398 paullo
1093 3328 1224 3382 diversae
1243 3331 1365 3382 notionis

153 3417 196 3482 rof.
220 3416 380 3481 Rehdantz,
405 3415 495 3468 litum
518 3415 530 3468 I
557 3434 577 3468 s.
597 3435 620 3470 v.
639 3417 861 3486 Erweiterung),
887 3415 983 3485 δίδωμι
1006 3419 1034 3468 et
1058 3413 1191 3486 συγχωρῶ
1214 3421 1308 3468 auteur
1331 3433 1366 3469 ne

154 3502 295 3554 tantillum
314 3503 426 3570 quidem
446 3503 567 3554 interae
585 3503 728 3556 differunt.

241 3587 276 3654 ²⁴)
299 3589 371 3642 hlira
391 3587 540 3642 verborum
561 3605 592 3641 ae
611 3591 771 3643 sententiae
790 3587 946 3642 similitudo
966 3593 1009 3639 est
1037 3586 1113 3640 inter
1133 3588 1206 3640 huuc
1226 3587 1316 3638 locum
1337 3593 1365 3638 et

154 3675 339 3745 fragmentum
357 3681 418 3746 περὶ
442 3675 487 3741 τῆς
509 3675 699 3740 δωδεκαετίας,
723 3677 798 3743 quod
817 3677 886 3728 falso
905 3673 1023 3726 Demadi
1048 3671 1226 3740 adscriptum
1246 3679 1297 3724 est.
1332 3674 1365 3725 ef.

154 3761 202 3830 §5
225 3761 288 3816 δότε
311 3759 343 3828 δή
365 3783 410 3831 μαι
432 3761 499 3831 πρὸς
521 3760 604 3826 θεῶν,
627 3753 763 3834 ιδᾶνδρες
778 3759 933 3830 Ἀθηναῖοι,
957 3760 1017 3814 «hirs
1043 3757 1224 3830 διαλεχθῆναι
1246 3755 1281 3813 nir
1303 3779 1365 3828 πρυ-

155 3847 276 3920 ωραῐαμαι
294 3855 354 3920 περὶ
373 3847 430 3902 τῶν
448 3846 566 3902 δικαίων.
602 3849 760 3902 Oonsensus
774 3853 868 3902 tantus
887 3855 937 3912 ost,
958 3851 988 3899 nt
1002 3846 1046 3898 vix
1060 3861 1128 3900 casu
1143 3845 1217 3896 efflei
1230 3845 1363 3912 potuerit.

156 3933 250 4002 ltaque
275 3935 386 3988 videtur
409 3933 506 3988 rhetor
528 3935 671 3988 rhetorem
690 3935 837 4004 expilasse.
874 3933 1005 3988 Notabile
1024 3937 1119 3986 autem
1139 3936 1191 3994 est,
1212 3931 1362 3986 l'rarrueuti

155 4027 293 4074 auctorem
316 4039 412 4074 omues
436 4022 557 4088 ineptias
583 4023 612 4074 in
638 4039 703 4090 (luas
728 4021 928 4074 Demosthenis
948 4021 1074 4072 imitator
1094 4017 1213 4080 inuidit,
1237 4017 1364 4068 evitasse.

156 4105 239 4160 Deest
263 4104 298 4162 aia
320 4113 425 4178 πέφυκα
452 4115 481 4160 et
505 4101 652 4182 συχχωρεῐυ
676 4113 705 4162 et
729 4110 818 4162 oratio
842 4107 968 4161 defensio
991 4113 1042 4158 est.
1080 4105 1157 4158 Num
1177 4120 1210 4154 ex
1230 4101 1282 4153 hoo
1302 4119 1366 4155 eon·

156 4193 323 4246 eludendum
348 4199 400 4256 est,
426 4193 560 4248 Demadis
584 4194 786 4264 fragmentum,
812 4194 886 4262 quod
905 4211 921 4245 a
942 4191 1049 4245 lliassio
1068 4189 1147 4260 (lll,
1166 4193 1182 4240 ‘t
1201 4205 1227 4256 1).
1246 4191 1308 4252 241)
1332 4189 1365 4240 αδ

156 4285 281 4348 tempora
300 4279 421 4334 Herodis
447 4281 537 4334 Attiri
557 4280 676 4333 rolatum
695 4287 749 4346 ost,
775 4287 840 4333 ante
859 4276 1097 4344 Aristogitouiaiu
1118 4275 1269 4328 ‹rortfiotum
1288 4279 1366 4326 esse?

157 4365 209 4419 Sed
228 4373 319 4435 potest
341 4367 425 4419 otiam
445 4367 575 4436 cogitari,
594 4365 667 4420 hane
685 4366 777 4420 loeum
796 4368 825 4420 iu
845 4365 1020 4420 orationihus
1034 4361 1169 4430 genuinis
1184 4361 1366 4424 rarissimum,

157 4451 182 4506 in
200 4452 344 4508 rhetorum
365 4453 467 4506 soholls
487 4454 586 4506 tritum
605 4453 697 4508 fuisse.
