3102 4910
740 211 779 270 10

659 296 861 304 ———-—--.--

156 417 269 476 auctor
290 418 445 494 patronus
469 411 661 494 eligeretur?
704 411 820 477 Nonne
843 404 1129 490 una'sufficiebet?
1172 412 1290 492 Itaque
1314 411 1371 492 qui

156 515 334 578 orationem
357 517 528 596 genuinam
551 536 619 578 esse
641 515 806 594 tenebunt,
835 536 898 578 non
921 519 1074 597 poterunt
1097 535 1160 578 non
1182 513 1225 578 ed
1247 513 1370 577 coniec-

159 624 269 682 turam
291 618 437 700 refugere
460 624 492 682 et
519 615 773 703 000110000οννῄ
796 613 948 704 ἐκκλησίᾳ
970 616 1004 702 (i.
1028 638 1053 680 e.
1076 617 1109 679 in
1132 615 1188 678 illa
1211 616 1370 696 contione,

157 740 222 802 qus
253 726 409 802 patronos
438 719 597 805 creastis).
650 719 812 802 Equidem
844 741 916 782 cum
945 725 1015 784 tota
1041 739 1092 782 res
1119 719 1183 782 iam
1213 740 1368 782 summam

156 829 284 886 moveat
311 824 539 906 suspicionem,
574 844 692 886 novum
726 822 787 886 hoo
804 838 806 844 '
821 822 974 886 indicium
1006 821 1147 885 rhetoris
1179 821 1370 903 putaverim,

156 930 255 1006 atque
277 947 314 990 eo
336 928 440 990 minus
463 925 562 990 verba
583 925 788 1006 mutaverim,
816 947 888 990 cum
917 925 1029 988 eadem
1059 923 1186 1006 saepius
1215 924 1313 988 etiem
1335 923 1369 986 in

158 1027 303 1092 oratione
333 1029 538 1092 invenientur
562 1034 594 1092 et
616 1027 723 1092 studio
746 1029 887 1110 quodam
913 1028 953 1094 ab
977 1033 1109 1092 auctore
1132 1031 1264 1108 captate
1284 1025 1372 1090 vide·

156 1135 253 1194 antur
282 1131 336 1215 (cf.
367 1133 385 1217 ξ
412 1136 464 1212 47,
494 1130 593 1217 §Ab
626 1135 684 1212 42,
715 1131 780 1222 64).
832 1131 958 1212 Atque,
988 1130 1139 1194 iniuriam
1162 1150 1219 1192 nos
1245 1129 1372 1192 auctori

156 1253 220 1295 non
247 1232 370 1314 facere,
399 1235 427 1297 si
454 1235 483 1297 ei
510 1234 592 1298 tales
621 1234 759 1316 ineptias
789 1235 997 1316 imputemus,
1026 1233 1087 1314 hoc
1114 1232 1277 1296 nonnullis
1298 1231 1371 1294 eliis

157 1335 319 1400 erroribus
342 1338 374 1400 in
396 1337 466 1402 iure
488 1335 603 1400 Attico
625 1336 795 1400 tractando
819 1338 994 1402 commissis
1017 1336 1265 1416 demonstratur,
1289 1355 1371 1418 quos

156 1437 234 1502 mihi
254 1439 350 1504 liceat
371 1460 455 1503 nunc
478 1461 645 1522 exponere.

242 1540 260 1625 ᾗ
286 1546 325 1604 27
349 1544 448 1608 verba
469 1545 635 1626 leguntur:
675 1537 742 1606 ἀλλ’
766 1536 855 1623 ὑμεῖς
877 1536 970 1606 αὐτοὶ
993 1536 1126 1605 πάντων
1149 1535 1221 1625 ἄρτι
1243 1538 1371 1624 κληρου-

155 1639 258 1724 μένων
275 1639 471 1730 Ἀθηναίων,
501 1645 557 1712 καὶ
585 1644 718 1710 πάντων
745 1633 779 1709 εὖ
809 1635 868 1708 οἶδ’
898 1642 949 1708 ὅτι
975 1641 1175 1727 βουλομένων
1203 1637 1248 1716 εἰς
1275 1643 1371 1705 τοῦτο

157 1744 262 1826 λαχεῖν
284 1746 321 1812 τὸ
346 1748 557 1838 δικαστήριον,
581 1745 673 1830 μόνοι
693 1745 835 1826 δικάζεθ’
859 1743 941 1834 ἡμῖν.
976 1744 1031 1812 διὰ
1052 1743 1101 1826 τίς
1121 1744 1172 1810 ὅτι
1195 1742 1370 1824 ἐλάχετε,

156 1839 213 1912 εἶτ’
236 1845 561 1939 ἀπεκληρώθητε·
585 1853 688 1914 τοῦτο
711 1845 791 1914 (1ὲοὶ
819 1848 909 1932 νόμοι
930 1848 1082 1935 λέγουσιν.
1127 1849 1372 1914 Dubitnverunt

160 1951 221 2016 viri
253 1953 348 2034 docti,
382 1955 543 2037 quomodo
576 1953 767 2038 explicando
800 1960 907 2018 essent
939 1953 1038 2018 verbs
1066 1949 1117 2018 ὅτι
1148 1948 1283 2032 ἐλάχετε,
1312 1939 1370 2014 εἶτ’

158 2046 434 2144 οἰννεκληρώθηεε.ι
464 2057 616 2123 Reiskius
646 2057 800 2140 cogitavit
829 2057 868 2120 de
890 2057 1058 2121 sortitione
1078 2063 1111 2121 et
1130 2055 1372 2132 subsortitione,

158 2158 215 2222 sed
238 2153 505 2247 ἀποπληροῦσθαι
529 2182 654 2243 semper
676 2160 762 2224 valet
784 2166 887 2224 sorte
909 2160 1004 2242 eligi
1035 2159 1089 2243 (cf.
1111 2159 1237 2222 Andoc.
1264 2163 1290 2238 1,
1313 2162 1370 2234 62;

158 2259 234 2344 Lys.
264 2268 314 2343 22,
345 2269 400 2344 16,
433 2271 483 2344 26,
514 2271 548 2344 6;
579 2264 698 2328 Aesch.
730 2269 757 2344 l,
787 2269 840 2342 333
873 2269 902 2344 3,
933 2267 985 2342 133
1018 2261 1119 2326 Thuc.
1143 2267 1172 2341 8,
1198 2266 1250 2340 70,
1282 2261 1371 2339 Plot.

159 2363 259 2448 hegg.
283 2367 350 2448 VI,
381 2369 498 2454 7630),
529 2375 560 2432 et
590 2367 628 2432 de
655 2365 885 2432 subsortitione
915 2362 1139 2447 ε’πιλαγχάνειν
1166 2369 1215 2428 est
1237 2363 1371 2428 verbum

157 2469 325 2550 proprium
353 2469 406 2555 (ef.
438 2471 557 2536 Aesch.
582 2476 610 2549 3,
635 2475 691 2547 623
720 2470 814 2534 Dem.
839 2473 889 2548 58,
914 2473 963 2547 29,
987 2468 1178 2554 Harpocr.);
1209 2471 1372 2550 repugnat

160 2569 257 2634 etiam
287 2575 450 2656 porticula
482 2566 566 2654 εἶτα,
599 2594 680 2654 quae
713 2555 930 2650 demonstret,
964 2571 1007 2634 ad
1037 2571 1166 2636 eosdem
1198 2575 1370 2652 utrumque

158 2673 292 2738 verbum
321 2699 390 2742 0000
417 2678 620 2742 referendum
648 2681 681 2740 et
703 2675 784 2738 duas
812 2679 921 2756 portes
950 2673 1116 2737 electionis
1145 2671 1371 2754 intelligendas

159 2796 241 2856 esse,
271 2801 410 2861 quarum
436 2805 501 2846 une
531 2779 665 2865 (λαχεῖν)
696 2778 831 2842 alterum
861 2771 1158 2863 (ἆνεοκληροῦσθαι)
1186 2776 1371 2859 praecedat.

160 2886 320 2968 'laylorus
342 2891 374 2948 et
397 2884 589 2950 Schoeferus
612 2887 806 2946 censuerunt
827 2880 933 2959 λαχεῖν
956 2901 1024 2944 0000
1048 2884 1189 2944 ‘sortes
1213 2878 1370 2959 ducere,

159 2989 265 3071 quod
301 2989 483 3067 omnium,
529 2982 802 3072 ἀποκληρωθηναι
840 2984 1017 3048 sortibus
1054 2983 1230 3062 vincere,
1267 2982 1372 3064 quod

158 3093 397 3176 paucorum'.
442 3091 490 3155 At
521 3111 641 3174 quaero
669 3109 747 3152 num
770 3107 914 3169 unquam
936 3087 1043 3166 λαχεῖν
1065 3085 1246 3167 significare
1268 3085 1372 3168 possit

159 3200 297 3258 ‘sortes
326 3193 482 3258 ducere’
514 3216 574 3276 pro
606 3196 725 3256 ‘sorte
757 3187 913 3271 aliquid
944 3188 1141 3252 nancisci’.
1194 3188 1265 3252 Iam
1296 3209 1372 3252 vero

158 3298 267 3380 paullo
295 3304 372 3361 oute
398 3297 533 3379 legi-mus
561 3290 607 3370 εἰς
633 3296 728 3360 τοῦτο
757 3293 862 3372 λαχεῖν
889 3289 927 3356 τὸ
950 3287 1154 3378 δικαστήριον
1176 3289 1276 3376 (sorte
1298 3289 1373 3373 eligi

157 3401 190 3463 in
216 3401 277 3465 hoc
299 3398 482 3484 iudicium),
511 3405 543 3463 et
571 3400 698 3482 saepius
726 3398 824 3462 etiam
852 3396 885 3460 in
913 3395 974 3458 hac
1005 3395 1150 3458 oratione
1180 3393 1373 3458 vocobulum

158 3505 313 3582 occurrit,
342 3523 518 3585 numquam
546 3508 655 3566 tamen
687 3500 823 3584 simplici
844 3499 975 3563 notione
997 3495 1151 3561 sortiendi
1179 3497 1233 3580 (cf.
1257 3495 1296 3582 ἐξ
1322 3500 1371 3576 11,

159 3611 209 3686 23,
234 3611 285 3687 26,
310 3611 360 3685 36,
384 3607 448 3689 63).
503 3604 557 3670 Ac
584 3627 624 3668 ne
654 3603 696 3668 ad
725 3603 917 3668 sententium
947 3600 1077 3682 quidem
1106 3599 1246 3683 quadrat
1274 3600 1372 3662 inter·

158 3709 296 3793 pretatio
320 3709 461 3791 Taylori.
506 3707 593 3772 Num
622 3715 734 3770 auctor
763 3704 853 3784 dicit,
885 3724 994 3768 omnes
1023 3701 1239 3767 Athenienses
1268 3707 1372 3766 sortes

159 3811 303 3894 duxisse,
341 3813 398 3876 sed
431 3833 549 3896 paucos
584 3805 687 3896 (ὑμεῖς
718 3803 824 3893 μόνοι)
858 3806 999 3870 iudicum
1033 3827 1164 3870 munere
1197 3806 1302 3888 fungi,
1340 3810 1373 3869 et

160 3915 286 3998 quaerit
314 3913 369 3980 διὰ
396 3910 446 3994 τί,-
489 3915 607 3997 Itaque
637 3913 676 3978 (le
705 3913 755 3976 his
780 3911 892 3994 paucis
919 3930 1022 3973 sermo
1054 3915 1103 3973 est
1132 3909 1165 3972 in
1193 3908 1299 3972 verbis
1325 3929 1371 3971 00-

160 4018 341 4100 quentibus,
366 4025 398 4082 et
420 4019 509 4082 notio
532 4016 693 4099 quaedem
716 4015 820 4078 inesse
842 4013 948 4092 debet,
971 4034 1037 4094 qua
1058 4011 1179 4076 iudices
1195 4012 1290 4076 huius
1306 4009 1371 4074 litis

160 4121 402 4203 distinguentur
424 4143 444 4184 0
466 4121 590 4199 ceteris
615 4119 671 4201 qui
693 4122 796 4181 sortes
820 4116 990 4181 duxerunt.

245 4224 339 4289 Duas
362 4229 471 4288 autem
486 4223 628 4288 diversas
645 4222 828 4286 sortitiones
843 4205 994 4300 iudicum,
1018 4218 1060 4282 ad
1077 4239 1158 4300 quas
1173 4217 1373 4282 Matthieeus
1398 4281 1404 4302 ,

160 4325 214 4412 (cf.
237 4325 288 4392 De
318 4326 444 4392 iudiciis
467 4325 733 4404 Atheniensium,
762 4323 795 4388 in
818 4322 951 4388 Miscell.
982 4319 1092 4405 philol.
1121 4320 1210 4404 Hp.
1236 4322 1312 4406 253)
1341 4325 1374 4385 et

161 4429 402 4496 Schocmonnus
425 4427 491 4513 (De
514 4429 680 4493 sortitione
702 4427 845 4492 iudicum
867 4449 918 4510 ap.
941 4425 1020 4491 Ath.
1044 4447 1075 4508 p.
1099 4429 1139 4489 26
1163 4423 1244 4510 not.)
1274 4422 1374 4487 verbu
