3102 4910
196 418 306 536 ῖίίμοις
340 425 525 536 διοικεῖται,
564 475 603 518 ac
639 452 658 541 ξ
695 460 733 519 16
769 454 809 520 de
844 454 951 538 legum
985 430 1187 521 olioedientia
1219 434 1407 523 disseruerit

191 557 236 624 cf.
274 545 301 643 ᾧ
336 551 463 631 πάντας
499 552 681 622 πείθεσθαι
717 555 872 646 προσήκει
906 551 979 622 aad.
1022 557 1149 624 Deinde
1187 560 1205 646 ξ
1244 566 1284 625 22
1319 562 1406 642 dicit,

97 687 100 694 ·
191 659 314 743 ‘stipem
356 673 425 726 esse
459 663 617 741 tanquam
653 656 816 742 publicam
853 667 885 724 et
921 681 1121 726 communem
1158 657 1282 748 (ἔρανος
1317 665 1407 728 πολι-

197 759 287 838 ’τικὸς
317 759 374 826 καί
403 759 509 836 κοινός
540 760 579 826 cf.
614 761 633 849 ξ
664 766 703 826 15
735 756 765 826 oi
797 759 832 825 dd
862 759 954 845 νόμοι
984 761 1090 828 κοινόν
1121 770 1153 828 et
1181 765 1199 852 ξ
1228 771 1267 830 16
1302 763 1408 832 κοινὸν

198 863 392 950 πρόσταγμα
431 870 463 930 et
499 860 626 940 πόλεως
664 863 807 952 συνθίμη
839 864 958 952 κοινή),
998 866 1154 949 quidquid
1187 871 1408 952 unusquisque
1437 911 1441 920 ·

196 969 304 1051 legum
330 969 420 1032 iussu
448 967 562 1047 faciat,
595 971 627 1030 et
657 969 764 1050 pergit
789 960 825 1032 ὃν
851 963 868 1032 ὁ
897 965 1027 1049 λείπων,
1055 958 1213 1056 ὦίίνδρες
1228 965 1407 1059 Ἀθηναῖοι,

198 1068 305 1136 πολλὰ
332 1067 388 1134 καλ
416 1065 500 1133 καλὰ
526 1066 583 1132 καὶ
610 1067 709 1152 σεμνὰ
737 1069 792 1135 καὶ
819 1068 941 1155 μεγάλα
969 1066 1057 1154 ὑμῶν
1084 1065 1280 1158 ἀφαιρεῖται,
1310 1075 1408 1159 a'tque

197 1173 343 1256 exempla
378 1171 472 1236 affert
490 1171 622 1237 ,horum
656 1171 814 1238 bonorum
843 1175 939 1257 plane
969 1175 1112 1240 eiusdem
1148 1177 1273 1258 generis
1309 1185 1408 1260 atque

199 1299 250 1358 ea,
278 1297 361 1360 quae
390 1274 409 1360 ξ
437 1278 477 1338 20
508 1274 635 1355 attulit,
663 1280 696 1339 et
723 1274 826 1358 primo
854 1276 923 1340 loco
945 1277 1061 1342 iterum
1084 1285 1231 1343 senatum
1253 1280 1409 1362 quingen·

195 1385 304 1446 torum
338 1378 439 1460 ponit.
484 1377 651 1460 Exemplis
685 1383 794 1442 autem
827 1377 950 1460 allatis,
983 1385 1034 1444 ter
1067 1380 1179 1444 eadem
1210 1381 1276 1446 fere
1310 1383 1409 1447 verba

197 1482 321 1566 profert
343 1480 361 1566 ξ
385 1483 441 1544 243
476 1477 587 1544 πάντα
609 1477 669 1565 γὰρ
689 1477 732 1544 τὰ
753 1478 852 1562 σεμνὰ
873 1479 929 1546 καὶ
950 1479 1044 1562 καλὰ,
1067 1480 1123 1547 καὶ
1146 1482 1187 1546 δι’
1211 1471 1256 1548 ὧν
1279 1480 1410 1572 ἡπόλις

200 1586 369 1667 κοσμεῖται
397 1579 453 1646 καί
480 1580 615 1662 σώζεται
637 1620 678 1630 -
700 1586 740 1670 τῇ
761 1587 826 1648 τῶν
851 1581 956 1666 νόμων
983 1584 1157 1677 προσθήκῃ
1183 1589 1248 1650 τῶν
1270 1582 1409 1673 αἰσχρῶν

198 1683 358 1771 περίεστι,
388 1689 421 1749 et
449 1705 531 1749 nova
561 1685 653 1750 addit
681 1687 841 1770 exempla,
871 1709 935 1752 non
963 1688 1027 1752 iam
1055 1689 1182 1771 singula
1210 1690 1408 1773 reipublicae

196 1791 364 1868 instituta,
395 1787 452 1851 sed
478 1789 729 1870 temperantiam
756 1795 789 1852 et
816 1789 973 1872 pudorem
1000 1797 1032 1866 et
1057 1791 1258 1856 modestiam.
1303 1792 1410 1876 Supra

196 1899 305 1957 autem
334 1890 486 1970 vidimus,
516 1890 581 1954 iam
608 1891 640 1954 in
667 1892 830 1974 prooemio
857 1891 905 1958 bis
935 1893 969 1980 (ξ
993 1898 1011 1956 9
1034 1901 1067 1958 et
1089 1897 1142 1980 11)
1170 1895 1288 1960 similia
1309 1897 1409 1962 verba

121 2064 125 2074 ,
195 1994 331 2060 inveniri
363 2013 402 2056 ac
432 2013 471 2056 ne
502 1991 566 2056 illis
596 1993 726 2076 quidem
751 1994 830 2058 locis
857 1995 1045 2077 scriptorem
1070 1997 1238 2061 incorum
1264 2020 1325 2062 usu
1348 1999 1408 2064 sibi

196 2101 398 2162 constantem
427 2115 506 2160 esse.
552 2093 617 2160 Sed
643 2095 854 2161 haecomnia
882 2102 1038 2180 tanquam
1066 2099 1208 2163 nondum
1236 2100 1408 2183 sufficiant,

192 2197 308 2284 quater
335 2198 448 2281 incipit
481 2185 500 2285 ξ
534 2203 584 2261 27.
628 2197 685 2263 καὶ
714 2195 748 2263 τί
778 2197 826 2263 δεῖ
856 2197 956 2284 λέγειν
977 2197 1029 2265 ὅτι
1051 2203 1120 2276 τοῖς
1142 2198 1251 2284 νόμοις
1274 2202 1407 2269 ἅπαντα

194 2304 361 2384 κοσμεῖται
388 2298 444 2364 καὶ
471 2303 518 2386 τῷ
543 2298 670 2376 τούτοις
697 2297 896 2382 πείθεσθαις
938 2309 971 2368 et
998 2303 1135 2388 exempli
1163 2327 1262 2370 causa
1287 2307 1408 2372 iudices

193 2407 281 2489 ipsos
304 2403 411 2484 affert,
440 2425 513 2468 cum
535 2405 598 2468 iam
621 2404 639 2491 ξ
663 2409 703 2468 20
726 2405 846 2470 iudicia
868 2406 1021 2488 compleri
1043 2408 1149 2489 legum
1171 2408 1260 2472 iussu
1281 2410 1407 2474 dixerit.

195 2505 251 2596 (τὰ
274 2503 463 2593 δικαστήρια
485 2505 717 2594 πληροῦσθαι.)

279 2609 391 2691 Atque
413 2615 450 2672 ut
465 2609 549 2672 hanc
564 2611 766 2691 sententiam,
790 2610 915 2693 legibus
932 2612 1092 2676 civitatem
1107 2611 1184 2694 regi,
1209 2613 1405 2695 comprobet,

195 2713 331 2796 quaerit,
356 2711 434 2793 quid
457 2709 603 2775 futurum
626 2711 677 2792 sit,
697 2713 729 2775 si
750 2711 836 2795 leges
860 2714 1033 2794 solvantur,
1055 2713 1090 2777 id
1112 2735 1239 2796 quoque
1254 2715 1328 2796 plus
1344 2737 1406 2779 uno

193 2811 274 2880 loco.¹
328 2813 367 2878 cf.
406 2813 425 2900 ξ
464 2817 514 2878 20.
568 2810 731 2878 λυθέντων
767 2837 801 2899 με
836 2814 967 2898 τούτων,
1003 2813 1059 2880 καί
1095 2810 1221 2902 ἑκάστῳ
1258 2814 1408 2906 δοθείσης

195 2913 341 2998 ἔξουσίας
362 2914 390 2997 δ’,
413 2939 446 2980 τι
468 2913 618 2999 βούλεται
632 2921 749 2998 ποιεῖν,
773 2912 809 2982 οὐ
831 2917 928 3001 μόνον
948 2915 968 3006 ἡ
990 2915 1140 2982 πολιτεία
1155 2913 1275 2999 οἴχεται
1290 2915 1361 2984 κτα)
1375 2929 1407 2985 et

195 3021 278 3107 §25
309 3015 337 3084 εί
364 3016 463 3106 δὲμὴ
485 3015 613 3082 λέλυται
636 3017 760 3100 πάντα,
791 3015 964 3108 ἀνέῳκται,
995 3019 1184 3106 συγκέχυται
1206 3017 1288 3088 κτα’.
1333 3025 1407 3089 Ηοσ

193 3125 262 3187 loco
290 3127 424 3188 conatus
453 3123 646 3186 sententiam
673 3123 776 3188 fusius
804 3125 902 3189 etiam
931 3125 1092 3208 explicare
1119 3125 1207 3189 cadit
1232 3126 1265 3188 in
1293 3127 1406 3191 vitium

197 3225 286 3309 quod
310 3223 473 3307 cogitandi
495 3226 559 3288 arti
579 3231 749 3308 repugnat.
793 3227 880 3292 Nam
903 3249 1013 3292 omnes
1035 3229 1267 3312 propositiones
1282 3229 1407 3311 periodi

197 3329 361 3411 sequentis
385 3329 465 3392 siin
489 3350 588 3392 unam
611 3330 865 3412 complectimur,
893 3331 927 3394 id
958 3330 1050 3394 dicit:
1083 3332 1120 3394 ‘si
1146 3331 1272 3413 legibus
1294 3333 1405 3397 solutis

193 3432 416 3514 unusquisque
452 3452 544 3495 suam
580 3432 681 3514 ipsius
718 3433 918 3497 voluntatem
956 3433 1128 3516 sequatur'.
1187 3434 1338 3498 Poscitur
1373 3437 1406 3498 in

191 3535 327 3617 epodosi
355 3535 528 3598 sententia:
565 3535 755 3617 ‘respublica
783 3527 854 3600 tota
884 3536 1034 3617 corruat',
1063 3542 1094 3600 et
1121 3542 1226 3616 extat,
1256 3537 1295 3601 cf.
1324 3537 1342 3624 ξ
1365 3543 1404 3602 26

193 3633 221 3701 εί
250 3639 353 3701 ταῦτα
382 3639 541 3718 ποιοῖμεν,
574 3632 661 3702 ἔστιν
690 3633 739 3702 ἔτι
768 3636 825 3726 τὴν
851 3635 949 3703 πόλιν
976 3634 1141 3703 οἰκεῖσθαι
1148 3667 1158 3719 ,·
1190 3639 1247 3704 sed
1275 3639 1406 3705 additur

193 3741 264 3823 ipsa
295 3762 347 3820 ea,
378 3759 460 3822 quae
490 3741 764 3823 propositionibus
792 3742 952 3826 explicata
975 3747 1037 3806 est:
1069 3736 1102 3804 τί
1125 3739 1175 3820 δίς
1196 3739 1272 3816 τοὺς
1292 3739 1406 3824 νόμους

193 3839 320 3927 κυρίους
334 3832 414 3906 εἶναι
423 3869 433 3921 ,·
464 3841 622 3925 Taylorus
640 3843 757 3908 delevit
771 3844 852 3908 haec
867 3843 965 3908 verba
980 3850 1135 3927 tanquam
1150 3843 1406 3910 additamentum

192 3945 444 4028 interpolatoris,
460 3943 612 4010 Reiskius
628 3968 666 4010 ea
682 3946 884 4033 defendit²⁶),
908 3947 965 4011 sed
986 3947 1070 4011 malo
1086 3953 1211 4028 eventu,
1235 3970 1310 4012 nam
1334 3969 1404 4013 sen·

194 4048 366 4112 tentiarum
392 4068 540 4130 conexus,
563 4069 659 4132 quem
681 4051 806 4132 statuit,
829 4051 863 4114 in
885 4051 1032 4114 oratione
1052 4051 1124 4132 ipsa
1146 4072 1210 4114 non
1231 4055 1329 4115 extat.

282 4303 317 4372 ²⁵)
343 4303 391 4356 Sic
416 4307 498 4371 putat
527 4307 670 4360 oratorem
698 4306 842 4375 colligere:
879 4305 986 4360 Civitas
1014 4307 1084 4360 bene
1113 4305 1267 4360 constituta
1295 4306 1404 4377 legibus

195 4407 289 4444 carere
312 4390 422 4456 nequit,
447 4391 496 4443 sed
515 4391 629 4456 civitas,
653 4391 682 4442 in
701 4408 756 4458 qua
773 4393 934 4446 huiusmodi
953 4410 1045 4447 mores
1065 4393 1256 4458 dominantur,
1275 4400 1404 4448 constare

191 4478 306 4545 nequit;
332 4492 399 4544 ergo
425 4493 515 4544 neque
538 4477 616 4545 leges
635 4477 664 4530 in
683 4493 715 4530 ea
732 4477 840 4546 valent,
864 4497 931 4548 quas
950 4484 1045 4534 tamen
1063 4497 1145 4533 nemo
1164 4485 1208 4532 est
1227 4481 1274 4548 qui
1292 4480 1404 4534 dubitet
