3102 4910
660 309 862 404 „41⁹-

151 511 374 578 Alexandriae
402 519 512 578 autem
539 511 664 576 scholas
696 512 862 578 rhetorum
889 511 989 576 fuisse
1017 531 1110 576 nemo
1132 511 1194 576 erit
1216 513 1272 595 qui
1294 533 1369 576 eon-

154 614 279 680 tendat.
323 616 442 698 Itaque
471 634 554 697 quae
583 613 647 678 alia
675 615 764 697 regio
787 613 917 680 Graeca
937 619 1054 694 restat,
1084 614 1126 678 ad
1149 636 1245 697 quam
1267 616 1370 698 possit

156 717 279 798 referri,
303 718 365 782 nisi
388 718 471 783 Asia
493 717 607 796 minor,
631 717 664 781 in
686 723 841 800 quatum
863 716 972 782 floruit
994 717 1200 800 eloquentia?
1244 717 1370 802 Quodsi

151 820 272 886 iudicia
295 842 461 904 comparo,
485 839 568 902 quae
591 819 633 884 ab
656 821 798 903 antiquis
821 821 860 886 de
883 821 1068 903 eloquentia
1090 819 1217 886 Asiana
1239 823 1368 905 prolata

151 929 238 1004 sunt,
263 923 382 987 certior
404 923 503 988 etiam
525 923 604 988 mihi
631 923 668 987 fit
688 922 769 987 haec
790 924 960 988 sententia.
1006 923 1115 989 Unum
1136 923 1243 990 locum
1267 925 1367 1009 Quiu-

150 1027 253 1091 tiliani
276 1027 372 1090 liceat
394 1025 473 1090 mihi
496 1023 622 1090 afferre.
668 1024 707 1090 cf.
731 1025 818 1106 XII,
844 1031 893 1106 10,
920 1031 973 1090 16;
1010 1027 1056 1092 Et
1081 1028 1215 1109 antiqua
1237 1028 1368 1111 quidem

149 1119 206 1192 illa
233 1128 346 1192 divisio
375 1129 460 1192 inter
480 1128 611 1193 Atticos
639 1132 671 1192 et
689 1128 834 1192 Asianos
856 1129 932 1194 fuit:
963 1151 1062 1213 quum
1085 1129 1119 1194 hi
1140 1131 1243 1212 pressi
1266 1139 1299 1196 et
1320 1132 1367 1196 in·

149 1231 247 1314 tegni,
278 1238 391 1295 contra
418 1231 559 1295 inflati
588 1231 636 1295 illi
668 1236 700 1295 et
727 1231 864 1296 inanes
893 1231 1105 1312 haberentur3
1142 1233 1176 1296 iu
1205 1234 1255 1298 his
1285 1233 1366 1298 nihil

148 1332 374 1416 superflueret,
405 1334 468 1398 illis
496 1333 686 1398 iudicium
717 1335 854 1399 maxime
877 1356 915 1399 ao
945 1335 1082 1400 modus
1112 1334 1295 1413 deesset3
1334 1343 1367 1402 et

148 1434 167 1521 ξ
194 1441 242 1499 17.
286 1436 369 1500 Mihi
392 1443 500 1502 autem
524 1437 679 1500 orationis
702 1436 917 1502 differentiam
939 1437 1052 1502 fecisse
1082 1444 1114 1502 et
1136 1437 1311 1504 dicentium
1334 1444 1367 1503 et

148 1538 348 1602 audientium
382 1545 518 1603 naturae
552 1539 717 1604 videntur:
756 1540 844 1623 quod
877 1540 996 1620 Attici,
1032 1540 1136 1606 limati
1169 1540 1300 1624 quidem
1334 1548 1367 1606 et

148 1642 304 1720 emuncti,
342 1641 423 1709 nihil
459 1643 555 1706 inane
591 1649 648 1706 aut
685 1642 869 1707 redundans
906 1643 1070 1720 ferebant3
1113 1643 1242 1708 Asiana
1277 1666 1365 1727 gens,

147 1743 340 1808 tumidior
367 1744 488 1826 alioqui
515 1752 613 1826 atque
635 1745 867 1826 iactantior,
899 1747 1062 1810 vaniore
1085 1746 1182 1809 etiam
1204 1746 1365 1811 dicendi
1407 1796 1412 1806 .

146 1848 284 1930 gloria
309 1846 422 1910 indata
452 1847 521 1912 est’
565 1848 658 1912 Haec
685 1869 791 1912 noune
818 1849 890 1930 ipsa
916 1848 1029 1914 eadem
1056 1849 1136 1912 vitia
1163 1855 1253 1929 suut,
1281 1870 1364 1931 quae

147 1972 206 2014 uos
230 1951 262 2014 iu
286 1950 347 2014 hac
370 1951 518 2014 oratione
540 1949 833 2034 deprehendimus?

234 2051 299 2118 Sed
327 2053 386 2116 has
417 2053 624 2134 quaestiones
646 2053 740 2118 valde
763 2051 911 2117 difficiles
932 2059 965 2117 et
985 2052 1128 2118 lubricas
1149 2051 1205 2116 alii
1227 2051 1365 2125 fortasse

146 2155 191 2220 ad
220 2155 389 2219 certiorem
417 2155 512 2220 finem
541 2155 733 2240 perducent,
764 2156 843 2220 mihi
865 2157 944 2220 satis
968 2157 1044 2236 erit,
1074 2157 1102 2220 si
1124 2155 1271 2220 omuibus
1292 2177 1364 2240 per-

146 2278 290 2338 suasero,
314 2256 399 2322 hauc
415 2259 593 2324 orationem
607 2257 736 2341 plenam
751 2259 946 2342 ineptiarum
963 2279 1060 2342 quam
1074 2259 1212 2323 maxime
1227 2258 1364 2323 alienam

145 2381 217 2424 esse
240 2381 260 2424 a
281 2361 352 2425 foro
375 2360 499 2426 Attico.

617 2767 899 2885 Corrigenda.

707 2963 807 2970 *η

452 3095 478 3146 p.
497 3077 548 3130 31.
569 3081 586 3128 6
605 3075 757 3145 Hyperidis
776 3095 829 3145 pro
847 3077 1014 3146 Hyperides.

450 3181 477 3234 p.
496 3167 513 3218 6
532 3163 548 3215 l.
568 3164 601 3214 35
620 3163 757 3218 Aristone
776 3181 828 3234 pro
846 3164 1050 3234 Aristogitone.
