3102 4910
758 262 800 322 40

180 461 450 544 interrogationes
465 461 535 525 fieri
549 461 600 525 rel
614 462 703 545 ipsae
719 485 847 548 quoque
863 461 1017 532 vocabulo
1033 454 1115 526 ἀλλά
1125 460 1233 524 induci
1244 466 1393 542 possunt.

179 563 350 646 Exempla,
374 585 456 658 quae
478 565 584 628 inveni
607 565 695 648 apud
717 573 861 632 oratores
883 566 1021 644 Atticos,
1046 565 1153 628 omnia
1175 562 1394 649 apponam.²⁷)

262 664 364 749 Apud
375 665 612 750 Antiphontem
627 690 725 733 unum
742 675 841 745 extat,
858 669 896 733 cf.
913 675 942 748 5,
956 673 995 732 57
1017 662 1108 740 Τίνος
1127 687 1161 749 με
1176 663 1215 752 δὴ
1229 661 1321 729 ἕνεκα
1335 662 1396 730 τὸν

177 763 276 852 ἀνδρα
299 761 490 848 ἀπέκτεινα,
512 763 585 834 οὐδὲ
607 768 666 856 γὰρ
687 766 789 857 ἔχθρα
812 766 942 852 οὐδεμία
964 760 1001 858 ἦν
1015 792 1086 852 εμοι
1101 791 1247 854 κακεινιμ.
1291 764 1396 852 λέγειν

178 870 213 938 δὲ
241 872 400 954 τολμῶσιν
426 867 470 946 uic
496 870 557 956 ἐγὼ
584 871 689 960 χάριτι
715 872 772 940 τὸν
797 869 896 960 ἀνδρα
925 869 1111 938 ἀπέκτεινα.
1159 869 1215 936 καί
1242 867 1294 947 τίς
1322 867 1394 936 πιά-

179 997 261 1040 ποτε
298 972 497 1058 χαριζόμενος
534 969 629 1061 ἑτέρῳ
669 983 761 1042 τοῖτο
798 971 982 1062 εἰργάσατο,
1032 975 1051 1062 ξ
1085 981 1134 1039 58.
1175 965 1259 1052 Είεν,
1294 967 1396 1039 ἀλλὰ

177 1074 285 1152 δείσας
311 1074 385 1160 περὶ
415 1074 551 1159 ἐμαυτοῦ
571 1076 616 1166 μὴ
637 1074 734 1155 αάτὸς
754 1074 834 1164 παρ’
859 1075 978 1144 ἐκείνου
999 1082 1095 1142 τοῦτο
1117 1075 1278 1158 πάθοιμις
1322 1075 1381 1142 καὶ

178 1175 237 1264 γὰρ
266 1173 304 1242 ἀν
330 1181 395 1242 τιῦν
421 1177 575 1244 τοιούτων
601 1177 693 1246 ἕνεκά
718 1205 768 1257 τις
797 1177 1030 1268 ἀναγκασθείη,
1058 1185 1153 1246 τοῦτο
1176 1178 1394 1265 ἐργάσασθαι.

178 1277 272 1346 ἀλλὰ
305 1276 396 1346 οὐδέν
427 1305 482 1364 μοι
509 1287 654 1348 τοιοῦτον
682 1281 826 1373 ὑπῆρκτο
854 1281 899 1363 εἰς
927 1279 1033 1350 αὐτόν.
1086 1280 1216 1350 Ἀλλὰ
1244 1281 1393 1371 χρήματα

179 1380 307 1466 ἔμελλον
333 1381 496 1469 λήψεσθαι
525 1380 720 1462 ἀποκτείνας
748 1381 861 1465 αὐτόν,
905 1382 995 1452 ἀλλ’
1027 1382 1085 1452 oia
1111 1377 1148 1474 ἦν
1175 1381 1271 1472 αὐτῷ.
1316 1381 1395 1451 κτά.

266 1487 366 1570 Apud
383 1487 586 1552 Andocidem
601 1490 665 1554 duo
681 1492 809 1573 egregia
825 1492 971 1574 exempla
986 1491 1122 1572 legimus
1139 1490 1177 1554 of.
1198 1495 1224 1569 1,
1241 1493 1302 1554 143
1318 1486 1396 1554 τίνα

178 1587 237 1674 γὰρ
267 1587 323 1652 καὶ
357 1583 594 1672 ἀναβιβάσομαι
628 1591 814 1680 δεησόμενον
849 1590 931 1679 ὑπὲρ
964 1591 1103 1675 indecori
1110 1622 1119 1670 ,·
1157 1590 1213 1657 τὸν
1245 1590 1395 1674 naviga,-

179 1687 275 1757 ἀλλὰ
307 1689 468 1779 τέθνηκεν.
512 1688 610 1759 ἀλλά
646 1694 721 1774 τοὺς
755 1690 929 1782 ἀδελιρούς,·
963 1690 1040 1761 ἀλλ’
1070 1691 1128 1760 oda
1157 1691 1247 1760 εἰσίν.
1291 1689 1396 1760 ἀλλὰ

178 1793 253 1870 τοὺς
274 1794 412 1876 παῖδας,
434 1790 517 1860 ἀλλ’
541 1791 636 1862 edicto
658 1797 844 1886 γεγένηνται.
889 1800 1041 1864 Alterum
1065 1807 1114 1864 est
1136 1803 1164 1878 3,
1191 1802 1239 1862 14.

264 1898 366 1962 Plura
388 1906 499 1964 extant
514 1900 600 1982 apud
616 1901 747 1984 Lysiam
770 1902 808 1966 of.
826 1906 875 1982 24,
893 1905 934 1966 24
949 1899 1004 1966 διὰ
1018 1898 1051 1966 τί
1066 1899 1125 1986 μὰρ
1140 1895 1179 1965 ἀν
1193 1899 1248 1964 καί
1263 1897 1395 1982 τύχοιμι

178 1998 332 2064 τοιούτοιν
363 1995 466 2082 ὑμιῦν,·
510 2000 677 2088 πότερον
709 2001 760 2070 ὅτι
794 2000 834 2068 δύ
870 2002 926 2086 ἐμέ
954 2027 1004 2079 τις
1033 2000 1079 2081 εἰς
1109 2000 1216 2088 ἀγῶνα
1249 1998 1393 2068 παίποιε

179 2101 341 2178 καταστὰς
360 2097 509 2170 ἀπώλεσε
523 2103 580 2193 τὴν
595 2101 721 2188 οὐσίαν,
748 2102 828 2172 ἀλλ)
858 2101 927 2171 οὐδ’
945 2096 1043 2182 ἀνείς
1059 2101 1267 2187 ἀποδείξειεν.
1306 2101 1393 2170 ἀλλ’

178 2203 228 2271 ὅτι
258 2202 501 2292 πολυπράγμων
526 2204 592 2290 εἰμὶ
621 2207 675 2274 καί
703 2207 828 2296 θρασὺς
849 2207 905 2274 καὶ
932 2208 1209 2297 φιλαπεχθήμων,
1244 2204 1330 2274 ἀλλ’
1356 2204 1395 2273 ού

177 2307 342 2384 τοιαύταις
368 2304 529 2395 ἀφορμαῖς
554 2315 613 2375 τοῦ
639 2308 711 2394 βίου
734 2311 818 2399 πρὸς
838 2311 880 2378 τά
901 2316 1036 2378 τοιαῦτα
1057 2311 1201 2397 τυγχάνω
1223 2309 1393 2397 χρώμενος.

178 2407 259 2476 ἀλλ’
291 2409 343 2478 δτι
375 2409 447 2476 λίαν
477 2409 627 2502 ὑβριστὴς
656 2414 711 2480 καί
745 2413 868 2498 βίαιος,
912 2410 995 2480 ἀλλ’
1026 2410 1095 2480 οὐδ’
1126 2410 1164 2480 ἀν
1196 2410 1293 2490 αὐτὸς
1333 2414 1395 2504 φή-

178 2536 269 2594 σειεν,
305 2511 334 2580 εί
365 2513 409 2603 μὴ
436 2514 585 2597 βούλοιτο
613 2515 669 2582 καὶ
698 2521 793 2582 τοῦτο
822 2517 1002 2590 ψεύδεσθαι
1029 2522 1098 2592 τοῖς
1125 2513 1233 2593 ἀλλοις
1261 2512 1393 2600 ὁμοίιος.

178 2611 262 2684 ἀλλ’
286 2615 337 2684 ὅτι
360 2617 419 2682 ἐπὶ
440 2622 505 2684 τῶν
518 2617 690 2704 τριάκοντα
712 2617 873 2703 γενόμενος
895 2618 928 2682 δν
944 2619 1074 2700 δυνάμει
1094 2625 1211 2696 κακῶς.
1247 2617 1391 2708 ἐποίησα

180 2719 319 2795 πολλοὺς
345 2725 409 2786 τῶν
438 2723 595 2801 πολιτιῦν,·
640 2718 738 2790 ἀλλὰ
758 2721 839 2806 μετὰ
859 2727 917 2788 τοῦ
932 2720 1081 2808 ὑμετέρου
1103 2722 1250 2811 πλήθους
1271 2719 1393 2810 ἔφυγον

178 2819 224 2899 εἰς
238 2819 389 2888 Χαλκίδα
411 2822 467 2910 τὴν
489 2820 547 2888 ἐπ)
563 2820 698 2912 Εύρίπιμ
720 2820 791 2892 κτά.
836 2826 875 2890 of.
899 2827 995 2891 etiam
1019 2826 1094 2909 Lys
1114 2831 1162 2905 10,
1180 2831 1219 2890 23
1233 2857 1274 2882 =
1288 2832 1338 2908 11,
1355 2833 1394 2908 83

182 2932 232 3009 30,
257 2933 312 3005 25,
337 2931 387 3005 31,
411 2930 452 2990 24
475 2949 521 3008 sq.
546 2934 575 3008 2,
600 2933 649 2993 74.

264 3031 427 3095 Isocrates
455 3052 520 3096 uno
547 3033 617 3096 loeo
641 3032 701 3096 hoo
723 3053 824 3114 genus
847 3031 975 3096 dioendi
997 3030 1145 3094 adhibuit
1168 3030 1221 3114 (of.
1248 3036 1296 3111 17,
1321 3033 1391 3116 46),

180 3134 292 3198 Isaeus
315 3132 428 3211 tribue,
453 3133 492 3197 of.
516 3139 544 3213 2,
568 3140 625 3211 21;
651 3139 679 3214 5,
702 3137 757 3212 45,
785 3139 833 3215 11,
857 3139 906 3200 25.

265 3235 366 3320 Apud
402 3235 630 3303 Demosthenis
671 3238 824 3320 aequales
859 3237 985 3302 rariora
1020 3240 1095 3299 sunt
1131 3235 1287 3317 exempla.
1352 3236 1393 3300 of.

181 3339 300 3404 Aesoh.
336 3342 365 3418 3,
393 3343 455 3404 230
492 3345 524 3404 et
556 3340 662 3420 looos,
697 3341 752 3424 qui
782 3340 935 3422 leguntur
964 3340 997 3402 in
1026 3337 1225 3402 orationibus
1256 3337 1393 3420 pseudo·

180 3441 428 3506 demosthenieis
451 3446 501 3522 35,
523 3446 564 3506 47
587 3447 620 3506 et
648 3447 698 3517 59,
724 3447 793 3506 118.
838 3443 1055 3506 Luculentum
1086 3440 1265 3522 exemplum
1297 3440 1394 3524 Poly-

181 3545 266 3608 eueti
299 3543 514 3626 fragmentum
546 3551 607 3626 est,
640 3545 726 3626 quod
757 3545 922 3628 Longinus
955 3545 1008 3627 (π.
1039 3539 1189 3628 εὑρέσεως
1220 3548 1238 3605 9
1268 3565 1298 3624 p.
1330 3548 1395 3608 544

181 3646 290 3732 Walz)
313 3647 406 3712 nobis
429 3647 574 3712 tradidit.
619 3647 671 3733 (of.
696 3647 836 3731 Sauppe,
859 3648 898 3712 fr.
922 3652 1003 3712 orat.
1027 3647 1114 3731 Ate.)

266 3750 502 3814 Demosthenes
524 3751 592 3833 ipse
615 3773 756 3832 quoque,
781 3751 899 3834 quippe
927 3749 982 3832 qui
1004 3749 1143 3812 maxime
1165 3748 1328 3812 studiosus
1350 3750 1394 3814 sit

180 3852 353 3933 varietatis,
376 3855 471 3918 nimis
491 3854 621 3936 longam
643 3854 758 3918 seriem
780 3853 1014 3918 subiectionum
1036 3852 1260 3915 continuarum
1283 3851 1391 3916 evitat.

180 3954 277 4034 Loci,
301 3956 418 4038 quibus
445 3958 547 4020 utitur
573 3956 635 4020 hoo
661 3956 943 4038 generedicendi,
967 3956 1106 4020 hisunt.
1154 3957 1180 4032 1,
1205 3957 1255 4016 26.
1301 3947 1340 4017 ἀν
1363 3953 1392 4016 δ’

179 4054 285 4122 ἐκεῖνα
322 4054 494 4134 Φίλιππος
523 4055 619 4144 λάβῃ,
653 4055 703 4134 τίς
732 4053 830 4124 αὐτὸν
863 4054 910 4122 ἔτι
944 4054 1085 4122 κωλύσαι
1117 4055 1208 4140 δεῦρο
1237 4051 1394 4137 βαδίζεινς

302 4215 380 4226 --ο.-

268 4311 305 4375 ²⁷)
325 4312 358 4364 ln
373 4313 579 4367 declamatione
599 4329 669 4379 quae
683 4313 820 4382 Georgiae
837 4313 996 4364 vindicatur
1009 4317 1038 4364 et
1050 4311 1216 4363 inscribitur
1229 4309 1393 4362 Palamedes

182 4399 343 4468 saepissime
367 4398 496 4452 adhibita
519 4403 562 4452 ost
584 4399 652 4451 haeo
676 4399 773 4468 ligura.
809 4397 880 4451 Tota
904 4415 981 4466 pars,
1005 4414 1075 4465 quae
1099 4400 1141 4449 est
1165 4397 1297 4467 §7-14,
1321 4395 1393 4448 nihil

182 4486 239 4542 lere
258 4485 385 4545 eontinet
401 4485 456 4536 nisi
475 4484 639 4538 continuam
658 4484 760 4538 seriem
779 4483 997 4548 subiectionum,
1016 4481 1052 4536 ol.
1071 4483 1157 4536 etiam
1176 4483 1191 4552 ξ
1211 4485 1254 4536 20.
