3102 4910
731 244 770 308 31

22 457 23 500 ῖ
132 444 295 514 nonnulla
330 444 469 513 frustula
508 467 548 512 ex
583 446 848 532 philosophorum
885 447 991 531 libris,
1030 445 1087 513 sed
1124 445 1362 530 conglutinavit

22 579 23 602 ι
134 551 321 616 sententiae
347 550 433 614 iuter
463 571 497 614 se
525 558 754 634 repugnantes.
807 552 873 616 Hic
904 551 996 618 fucus
1027 551 1212 616 rhetoribus
1246 552 1360 618 merito

134 675 263 738 magna
281 655 315 720 in
344 652 558 718 admiratione
586 652 648 720 luit
675 653 731 740 (of.
761 655 834 720 Lib.
862 655 937 739 hyp.
965 654 1094 741 finem),
1123 676 1181 720 nos
1210 654 1362 720 deludere

134 779 207 824 non
229 759 293 824 iam
315 757 421 824 debet.

230 858 463 943 Paragraphus
494 879 578 940 quae
614 859 761 941 sequitur
798 880 903 924 meras
939 878 1042 942 nugas
1080 860 1241 940 continet,
1281 882 1362 943 quas

136 963 199 1046 qui
241 961 412 1028 emendare
456 965 605 1042 conetur,
650 962 755 1027 oleum
800 967 833 1026 et
878 982 1010 1045 operam
1054 961 1182 1044 perdat.
1248 963 1362 1046 Pergit

134 1067 293 1151 scriptor:
327 1060 410 1130 ἀλλὰ
430 1063 492 1153 μὴν
513 1062 564 1130 ὅτι
587 1067 641 1128 νῦν
662 1059 904 1150 Ἀριστογείτων
936 1068 1005 1139 τοῖς
1031 1062 1091 1146 μὲν
1117 1067 1174 1152 τῆς
1202 1062 1363 1145 ἐνδείξεως

22 1159 23 1182 ³
137 1166 282 1246 demicte
304 1167 431 1234 ἅπασιν
444 1161 592 1260 ἑάλωκεν,
615 1163 720 1252 ἕτερος
741 1161 768 1231 δ’
787 1161 891 1242 οὐδεὶς
905 1162 993 1234 ἔστιν
1007 1162 1139 1242 ἀνεκτὸς
1154 1161 1242 1254 αὐτῷ
1257 1166 1358 1252 λόγος,
1451 1211 1453 1218 -

22 1305 23 1310 1
138 1272 218 1358 περὶ
239 1270 364 1338 τούτων
384 1269 494 1360 ῥᾴδιον
516 1268 657 1350 διδάξαι.
697 1271 847 1334 'Primum
871 1270 1006 1334 offendit
1027 1271 1061 1334 in
1084 1269 1134 1334 his
1157 1270 1262 1334 verbis
1285 1293 1362 1336 usus

139 1375 291 1440 vocabuli
312 1368 452 1454 ἀνεκτός,
475 1395 552 1438 nam
571 1367 658 1458 λόγοι
682 1367 740 1437 οὐκ
755 1367 882 1438 ἀνεκτοί
903 1397 967 1437 τινι
989 1373 1042 1436 vix
1071 1372 1161 1436 aliud
1181 1372 1362 1456 significare

137 1485 277 1560 possunt
298 1479 361 1543 nisi
381 1478 481 1542 verba
511 1497 594 1560 quae
622 1475 664 1540 ab
701 1477 810 1559 aliquo
833 1476 910 1541 ferri
935 1497 1000 1540 non
1022 1481 1160 1558 possunt
1181 1475 1202 1539 i.
1229 1495 1255 1539 e.
1279 1497 1363 1558 quae

140 1581 227 1647 iram
251 1583 319 1648 eius
342 1587 472 1646 movent
493 1579 533 1644 cf.
557 1581 653 1644 Dem.
675 1583 710 1659 8,
735 1584 755 1643 8
777 1573 849 1644 οὔθ’
874 1577 951 1644 ὅσια
972 1571 1038 1642 οὔτ)
1063 1571 1181 1642 ἀνειτὰ
1202 1575 1363 1662 λέγουσιν,

22 1729 23 1746 ,
141 1688 193 1752 18.
217 1689 278 1749 203
302 1678 370 1749 ἀλλ’
395 1679 454 1749 oda
474 1675 512 1772 ἦν
533 1677 641 1761 ταῦθ’,
668 1678 712 1758 ὡς
740 1677 825 1748 ἔοικε
845 1687 914 1759 τοῖς
934 1679 1010 1747 τότε
1030 1675 1217 1768 Ἀθηναίοις
1239 1678 1363 1766 πάτρια

141 1781 210 1850 οὔδ’
234 1782 366 1866 ἀνεκτά,
391 1791 518 1868 19,197
539 1783 577 1850 τὸ
600 1790 735 1870 πρᾶγμα
757 1781 882 1872 ίίγασαν
900 1825 936 1835 -
954 1780 1012 1850 οὐκ
1034 1779 1166 1850 duranda
1188 1776 1279 1849 εἶναι.
1322 1784 1361 1849 of.

143 1892 240 1956 etiam
264 1891 341 1974 Lya.
366 1895 416 1972 22,
442 1894 500 1968 20,
530 1889 629 1954 Isoor.
662 1893 690 1968 7,
723 1893 779 1968 38,
809 1895 845 1971 8,
875 1895 931 1966 65,
958 1893 1010 1967 12,
1043 1893 1098 1968 26,
1132 1893 1187 1964 29,
1220 1893 1276 1968 15,
1309 1891 1360 1968 48,

22 1999 23 2022 ³
144 1991 261 2058 Aesch.
287 1997 315 2072 1,
338 1997 389 2070 34,
413 1999 446 2058 et
467 1993 563 2057 huius
585 1993 685 2075 ipsius
708 1993 864 2058 orationis
892 1993 911 2078 ξ
937 1995 976 2056 32
993 1989 1088 2056 πόλει
1104 1985 1132 2053 d'
1150 1984 1208 2054 οὐκ
1223 1984 1363 2056 ἀνεκτόν.

228 2095 339 2180 Quid?
383 2097 477 2162 Haec
498 2097 598 2162 verba
620 2097 648 2160 si
667 2096 810 2178 legimus,
833 2116 939 2160 nonne
954 2101 1161 2176 expectamus
1175 2095 1364 2176 scriptorem

141 2199 191 2264 ius
212 2199 384 2264 delationis
406 2199 547 2264 breviter
568 2204 766 2263 attacturum
790 2205 823 2263 et
845 2203 1036 2282 argumenta
1050 2193 1275 2280 prolaturum?
1298 2193 1364 2261 Sed

142 2301 224 2366 nihil
246 2303 392 2384 sequitur
413 2302 474 2366 nisi
497 2321 598 2365 novus
626 2299 716 2364 locus
744 2303 935 2382 communis,
965 2300 1005 2364 de
1032 2300 1101 2363 iure
1130 2299 1301 2364 delationis
1323 2319 1363 2362 ne

142 2404 275 2469 verbum
297 2405 425 2487 quidem
447 2404 493 2469 fit.
539 2405 579 2470 cf.
602 2403 690 2468 δυοῖν
712 2402 772 2491 γὰρ
793 2399 908 2485 ὄντοιν,
932 2394 959 2468 ὦ
982 2399 1093 2488 ἄνδρες
1110 2397 1295 2488 Ἀθηναῖοι,
1319 2387 1364 2464 ὧν

142 2501 235 2570 ἕνεκα
263 2504 383 2584 πάντες
409 2504 556 2572 τίθενται
585 2500 615 2570 oi
643 2503 751 2589 νόμοι,
779 2511 838 2572 τοῦ
864 2529 900 2572 τε
925 2503 1044 2594 μηδένα
1073 2503 1172 2593 μηδὲν
1203 2497 1222 2570 ὃ
1253 2503 1297 2592 μή
1318 2503 1363 2568 dt·

147 2605 240 2672 κυιόν
260 2605 329 2674 ε’στι
352 2612 469 2689 ποιεῖν,
492 2606 548 2673 καί
570 2612 627 2673 τοῦ
649 2607 724 2686 τοὺς
739 2607 1000 2696 παραβαίνοντας
1019 2611 1123 2672 ταῦτα
1138 2603 1365 2689 κολαζομένους

148 2707 289 2794 βελτίους
307 2711 383 2787 τοὺς
405 2706 519 2786 ἄλλους
542 2714 649 2775 ποιεῖν
669 2705 741 2776 aad.
785 2711 887 2776 Haud
909 2733 984 2776 raro
1006 2712 1168 2776 invenitur
1191 2708 1277 2794 apud
1295 2729 1365 2772 ora-

148 2819 231 2879 tores
257 2807 389 2879 Atticos
419 2814 499 2880 haec
524 2815 701 2894 sententia,
731 2813 804 2880 ideo
827 2837 963 2899 poenam
993 2835 1061 2878 esse
1090 2811 1299 2896 repetendam
1322 2810 1363 2874 ab

22 2947 23 2950 ¹
150 2915 271 2981 homine
301 2915 460 2997 malefice,
488 2923 525 2981 ut
552 2917 650 2980 ceteri
678 2917 825 2982 meliores
853 2917 942 2982 fiant.
988 2917 1028 2980 cf.
1057 2916 1138 3000 Lyc.
1165 2915 1184 3000 ξ
1213 2919 1263 2978 67.
1307 2909 1365 2978 τὸν

149 3013 241 3084 αίτὸν
262 3015 368 3083 τοίνυν
389 3017 512 3105 τρόπον
533 3015 706 3082 κολαστέον
729 3014 798 3084 ἐστὶ
820 3022 943 3098 τοῦτον,
965 3013 994 3082 εὶ
1015 3016 1145 3100 μέλλετε
1158 3014 1233 3090 τοὺς
1248 3011 1362 3089 ἄλλους

150 3118 283 3196 πολίτας
302 3117 446 3204 βελτίους
467 3119 625 3208 ποιήσειν.
670 3122 708 3186 cf.
732 3123 831 3186 etiam
854 3121 979 3186 An‘doc.
1004 3125 1039 3200 4,
1061 3124 1120 3199 40,
1144 3120 1222 3202 Lys.
1245 3123 1281 3190 6,
1305 3121 1363 3192 54,

151 3230 198 3304 15,
220 3228 256 3302 9,
280 3229 330 3304 20,
354 3229 409 3302 31,
434 3229 484 3304 25,
509 3229 565 3302 21,
591 3229 640 3302 27,
667 3229 701 3304 7,
725 3231 776 3304 28,
802 3229 854 3301 15,
887 3227 937 3302 30,
961 3227 1021 3302 23,
1053 3228 1104 3303 31,
1128 3227 1185 3302 25,
1209 3222 1309 3286 Isocr.
1335 3225 1362 3298 7,

149 3321 317 3403 20;’1)εῐυ.
343 3331 392 3406 19,
416 3331 493 3406 285,
516 3331 566 3406 22,
590 3331 640 3390 35.
686 3326 752 3392 Sed
772 3327 953 3394 distinctio.
982 3347 1079 3408 quam
1101 3325 1213 3391 rhetor
1236 3324 1362 3402 statuit,

22 3495 23 3520 ,
152 3431 228 3494 mira
257 3429 336 3492 mihi
359 3429 486 3494 videtur
517 3451 556 3493 ac
586 3429 653 3494 fere
684 3429 783 3493 nulla.
834 3427 921 3494 Nam
950 3429 1068 3510 prioris
1099 3427 1233 3492 membri
1264 3427 1291 3490 is
1314 3432 1363 3490 est

148 3551 262 3611 sensus,
284 3530 373 3614 leges
397 3551 466 3594 esse
482 3531 586 3608 datas,
603 3537 639 3596 ut
655 3553 765 3596 omnes
781 3538 953 3596 arceantur
967 3531 1007 3596 ab
1023 3531 1151 3612 iniuria,
1175 3528 1308 3596 alterius
1323 3528 1362 3609 is,

148 3639 188 3710 ut,
209 3634 237 3696 si
260 3639 368 3698 tamon
391 3633 478 3698 iacta
500 3635 551 3714 sit,
576 3635 698 3718 punitis
713 3637 751 3698 iis
767 3635 823 3716 qui
838 3634 1056 3698 commiserint
1071 3634 1170 3698 ceteri
1187 3637 1361 3696 arceantur

149 3733 185 3798 ab
204 3735 332 3800 iniuria.
377 3735 495 3819 ltaque
522 3736 607 3800 hanc
633 3757 761 3818 quoque
790 3737 982 3800 sententiam
1013 3759 1070 3820 per
1102 3757 1135 3800 se
1165 3733 1364 3816 aptissimam

151 3837 254 3904 rhetor
275 3837 474 3921 depravavit.

223 3939 379 4008 Clausala
427 3939 552 4024 periodi
604 3939 685 4004 haec
732 3947 794 4004 est:
845 3934 1040 4028 ἀμφοτέροις
1088 3938 1213 4014 τοίτοις
1273 3928 1364 4016 οἶτος

147 4037 243 4122 ἔνοχος
286 4037 332 4106 ὢν
367 4041 554 4131 φανήσεται.
592 4037 699 4122 ἔνοχος
733 4041 957 4128 (constrictus)
990 4043 1107 4126 aliquis
1145 4049 1253 4126 potest
1289 4063 1359 4106 esse

148 4143 264 4226 legibus
287 4144 343 4230 (of.
365 4146 460 4212 Dem.
485 4151 536 4226 20,
562 4148 636 4224 156,
667 4150 717 4224 21,
746 4149 796 4210 35.
841 4148 881 4232 τῇ
910 4139 972 4234 ἀρᾷ
999 4147 1093 4210 Dein.
1118 4152 1167 4219 19,
1199 4150 1278 4222 201,
1309 4149 1360 4224 23,

147 4247 195 4325 97,
216 4245 336 4312 ΔοεοΙι.
360 4253 389 4328 3,
416 4253 494 4324 121,
517 4248 594 4330 Ιιγο.
620 4251 676 4331 31)
692 4247 743 4312 vel
765 4249 969 4314 accusatione
994 4251 1047 4336 (τῇ
1070 4251 1176 4336 young}
1200 4247 1295 4312 Dent.
1313 4253 1364 4328 24,

146 4353 189 4428 39,
209 4353 258 4428 61,
286 4353 361 4426 108,
386 4351 462 4434 Lys.
488 4355 536 4430 14,
559 4354 600 4416 46
626 4352 665 4436 τῇ
688 4345 862 4438 κατηγορίᾳ
885 4350 979 4416 Dem.
1012 4355 1070 4430 24,
1103 4355 1183 4428 214,
1214 4353 1254 4436 τῇ
1278 4345 1363 4414 ἀπα-

146 4453 220 4540 γωγῇ
242 4451 319 4536 Lys.
344 4455 392 4532 13,
415 4453 472 4538 86)
496 4451 544 4516 vel
567 4471 672 4538 poena
696 4455 779 4538 (τοῖς
800 4449 980 4536 ἐπιτιμίοις
1003 4455 1083 4519 Ant.
1106 4458 1144 4532 4,
1175 4477 1206 4534 α,
1230 4457 1251 4516 4
1273 4459 1306 4518 et
1326 4457 1362 4538 β,
