3102 4910
731 271 772 334 39

155 479 317 540 oratorum
347 476 424 540 vilia
454 481 529 540 sunt
559 497 598 540 ac
628 476 694 542 fere
725 475 831 556 nulla,
863 471 920 537 sed
952 469 994 535 ad
1024 467 1261 534 conclusionem
1292 469 1361 528 tam

154 577 293 660 ineptam
315 600 354 642 ac
374 583 543 661 tantopere
566 580 730 663 cogitandi
752 580 815 644 arti
836 578 1071 661 repugnantem
1093 569 1201 635 nullus
1216 587 1361 650 unquam

154 685 261 745 orator
282 679 457 746 descendit.

234 781 307 848 Iam
338 805 413 848 vero
446 783 464 869 ξ
497 788 538 849 74
567 785 665 850 verba
694 785 850 862 continet,
883 801 965 865 quae
998 775 1085 844 omni
1116 793 1212 840 sensu
1242 774 1361 836 carent.

153 883 206 950 Sic
231 887 352 969 pergit:
386 882 420 950 τί
449 881 499 968 d',·
543 881 582 951 te
608 881 706 954 αὐτὸν
731 882 887 973 ἀποφύγῃ
914 885 950 970 (i.
978 904 1005 949 a.
1037 881 1065 946 si
1094 878 1230 944 Ariston
1256 872 1362 938 absol·

153 987 270 1072 vetur),
301 987 394 1076 παρὰ
420 993 479 1054 τοῦ
508 995 667 1074 κομιεῖται
694 986 714 1079 ἡ
740 987 846 1065 πόλις.
868 1026 910 1037 -
931 986 1027 1052 Haec
1047 981 1146 1047 verba
1167 979 1195 1043 si
1216 977 1361 1060 legimns,

152 1091 352 1206 supplemus:
390 1113 504 1177 aquo
535 1095 648 1160 civitas
677 1095 847 1178 pecuniam
875 1092 967 1156 illam
995 1085 1145 1169 accipiet,
1180 1082 1207 1145 si
1236 1079 1363 1144 Aristo·

151 1192 237 1274 giton
269 1194 338 1277 ipse
369 1194 458 1260 debit
444 1201 496 1260 tor
529 1199 647 1262 aerarii
678 1219 743 1262 non
777 1202 842 1277 est,
813 1194 933 1260 tvel
967 1189 1069 1256 simile
1102 1184 1181 1270 quid
1214 1187 1363 1267 expecta·

151 1315 229 1360 mus.
295 1295 362 1362 Sed
405 1298 504 1363 verba
547 1319 630 1382 quae
673 1305 812 1382 sequent
812 1320 866 1362 ur:
922 1321 944 1360 α
979 1297 1034 1357 νῦν
1070 1284 1129 1354 σιἰι
1164 1282 1236 1366 ἐξὸν
1272 1271 1364 1358 οοτος

155 1401 260 1472 ποιεῖς
296 1405 387 1483 spect
388 1401 517 1466 autad
544 1404 781 1484 accusationeS,
814 1421 895 1484 quas
922 1395 1131 1477 Aristogiton
1157 1394 1287 1474 praeter
1312 1387 1364 1452 ius

148 1499 294 1566 intendit.
340 1499 429 1586 Quid
456 1504 519 1570 hoc
546 1511 609 1570 est:
648 1505 680 1570 A
708 1527 771 1590 quo
803 1505 915 1569 civitas
945 1499 1082 1582 accipiet
1108 1515 1161 1573 ea,
1191 1511 1274 1576 quae
1302 1491 1364 1554 ists

149 1622 232 1666 nunc
264 1611 395 1687 praeter
427 1605 477 1672 ius
510 1606 614 1673 facit?
665 1607 780 1676 Verba
816 1605 979 1683 arrident,
1022 1597 1080 1664 sed
1112 1616 1224 1662 sensus
1257 1591 1365 1658 nullus

147 1703 236 1769 inest.
302 1705 373 1772 Nec
414 1710 527 1774 melius
570 1732 604 1776 se
641 1711 764 1775 habent
800 1729 840 1774 ea
875 1727 960 1791 quae
997 1705 1191 1785 sequuntur:
1258 1690 1366 1760 πόθεν

148 1801 189 1886 δί
233 1799 281 1884 Οἷς
264 1797 413 1886 §octog
451 1810 599 1879 θανάτου
641 1816 779 1896 τιμᾶται
820 1805 877 1876 καί
918 1807 1036 1930 δεσμοῦ
1078 1797 1214 1888 περιιὼν
1249 1794 1283 1861 ἐν
1318 1819 1365 1881 τῳ

150 1907 359 1999 immitis&
396 1909 432 1979 Οἳ
458 1913 517 1998 μὲν
549 1915 610 1993 τὰς
637 1913 748 2002 ψυχὰς
779 1909 812 1979 οἱ
806 1907 877 1979 dd
901 1909 940 1977 τὸ
969 1908 1013 1998 μὴ
1042 1903 1130 1972 δεινὰ
1159 1895 1366 1968 πεπονθέναι

148 2016 348 2096 κ(ιιιιιιῗιίιιιῐ
383 2043 409 2104 ιιι
437 2015 496 2105 γὰρ
528 2016 603 2087 ουδὲ
628 2023 695 2086 τῶν
721 2014 801 2086 'tiron
834 2012 908 2083 οὐδὲ
934 2017 999 2079 τῶν
1026 2003 1201 2096 ἐγκυκλίων
1229 1996 1364 2068 δικαίων

147 2113 316 2196 μετουσίαν
345 2117 548 2186 dedductv‘
519 2146 550 2188 οι
578 2121 683 2206 νόμοι,
711 2111 804 2196 οὗτος
826 2142 892 2186 των
913 2112 1095 2205 ἀνηκέστων
1117 2108 1205 2194 ιτιρι
1206 2128 1236 2182 ις
1258 2097 1362 2178 αἴτιος

148 2213 300 2302 firmat,
325 2216 382 2286 mitt
404 2217 511 2308 ὀρθῶς
534 2222 609 2292 οὐδὲ
631 2224 814 2298 πολιτικως
837 2216 908 2290 οὐδ’
933 2215 978 2295 ὥς
998 2211 1153 2303 συμφέρει
1173 2203 1364 2295 γιγνομὲνων

147 2320 276 2388 τούτων.
322 2323 410 2408 Quid
439 2326 522 2390 haec
552 2329 614 2394 sibi
644 2327 761 2392 volunt
788 2326 854 2392 hoc
881 2321 975 2390 loco?
1019 2320 1146 2402 Iterum
1173 2313 1242 2377 sine
1270 2307 1368 2374 dubio

148 2425 361 2509 supplendum
390 2433 452 2492 est:
487 2423 528 2492 tv
561 2425 659 2496 αὐτὸν
693 2423 862 2517 ἀποφύγῃ.
908 2425 973 2493 Sed
1005 2422 1142 2488 Ariston
1174 2417 1201 2482 si
1229 2412 1370 2480 criminis

148 2527 341 2610 absolvetur,
364 2553 441 2596 num
463 2535 573 2616 ceteri,
597 2533 716 2616 quibus
739 2531 949 2614 Aristogiton
970 2527 1044 2592 lites
1067 2524 1287 2588 intentatorus
1310 2519 1369 2594 est,

147 2631 180 2694 in
210 2633 315 2696 maius
345 2635 525 2717 periculum
554 2632 781 2701 vocabuntur?
828 2631 991 2716 Equidem
1025 2627 1162 2710 despero
1195 2641 1246 2686 me
1277 2635 1372 2702 posse

149 2755 270 2816 eruere,
294 2757 378 2818 qnae
402 2741 585 2805 sententiae
608 2740 750 2818 auctori,
780 2757 856 2802 cum
883 2735 964 2799 hacc
983 2729 1083 2796 verba
1105 2725 1275 2803 scriberet,
1297 2723 1373 2785 ante

149 2839 290 2902 animum
305 2845 452 2904 versatae
475 2841 552 2908 sint.
599 2840 697 2906 Certe
714 2859 791 2904 vero
807 2837 931 2904 oratori
946 2835 1029 2899 haec
1044 2829 1145 2897 tribui
1160 2847 1225 2892 non
1239 2825 1376 2908 possunt

148 2961 207 3005 nec
235 2941 342 3008 minus
371 2965 391 3006 a
423 2942 493 3008 foro
524 2945 641 3011 Attico
670 2944 855 3010 abhorrent
885 2959 983 3022 quam
1015 2931 1161 3001 definitio
1191 2927 1262 3006 illa,
1294 2941 1377 3007 qnae

148 3043 294 3126 seqnitur
316 3044 335 3131 ξ
361 3050 417 3125 75,
447 3048 620 3114 verborum
647 3039 738 3110 rdivce
759 3043 853 3110 κάτω
874 3042 1080 3126 γεγενῆσθαι,
1108 3051 1209 3116 quam
1231 3027 1378 3094 Blassius

148 3167 276 3230 quoque
298 3147 426 3212 inanem
449 3148 592 3216 rhetoris
615 3147 891 3214 declamationem
914 3163 984 3209 esse
1007 3135 1164 3206 concedit.
1208 3131 1262 3197 Ac
1283 3151 1323 3194 ne
1346 3129 1379 3191 in

147 3269 185 3312 aa
208 3249 339 3332 quidem
360 3251 468 3314 omnia
487 3261 604 3339 aptum
624 3270 758 3317 sensum
780 3247 952 3335 praebent.
997 3243 1085 3310 Nam
1105 3237 1149 3304 ad
1170 3234 1286 3300 verba:
1309 3223 1378 3296 ἀλλ’

147 3347 234 3430 ὅταν,
268 3341 361 3427 οἷς
345 3375 381 3416 ιιι
408 3377 473 3416 τιον
501 3351 611 3438 νόμιον
637 3351 682 3442 μὴ
711 3346 894 3434 ἔξεστιν,
879 3371 916 3414 εκ
937 3349 1003 3412 τῶν
1022 3336 1181 3428 ὑμετέρων
1201 3331 1382 3422 βουλήιιιιιιι

146 3451 201 3542 ἐξῇ
232 3454 347 3520 infinit
324 3461 408 3520 tnvus
441 3457 667 3537 desideratur,
706 3456 799 3523 velut
833 3451 944 3538 λέγειν,
978 3450 1036 3536 qui
1069 3443 1177 3510 nescio
1206 3461 1248 3505 an
1279 3436 1380 3522 ipsius

146 3558 289 3622 auctoris
312 3565 409 3641 captu
431 3563 573 3628 omissus
596 3561 649 3626 sit.

230 3659 402 3726 Postremo
432 3685 535 3729 unum
570 3665 671 3730 etiam
704 3665 813 3728 locum
845 3659 877 3722 in
906 3655 1130 3740 quaestionem
1160 3665 1271 3713 vocare
1301 3641 1380 3710 mihi

147 3763 252 3844 liceat,
275 3765 331 3846 qui
351 3766 425 3828 usui
447 3765 581 3848 linguae
599 3765 735 3828 Atticae
758 3779 944 3844 repugnare
966 3758 1101 3824 videtur.
1146 3751 1210 3820 Est
1225 3751 1244 3840 ξ
1260 3755 1300 3816 67
1316 3771 1375 3834 sq,

147 3887 212 3949 quo
234 3867 346 3932 rhetor
368 3867 510 3950 figuram
532 3865 743 3932 subiectionis
765 3865 923 3928 imitatur.

231 3967 335 4034 Nulla
356 3969 425 4035 iere
448 3975 499 4034 est
520 3967 636 4050 figura,
659 3987 725 4048 qua
747 3965 851 4047 magis
874 3969 1036 4048 augeatur
1050 3959 1209 4028 orationis
1225 3957 1374 4024 celeritas

147 4077 179 4138 et
201 4071 366 4152 alacritas,
390 4093 490 4156 quam
512 4067 780 4152 occupationibus
801 4067 853 4132 vel
867 4064 1177 4150 interrogationibus
1199 4067 1233 4128 et
1254 4061 1374 4128 refuta·

146 4173 289 4240 tionibus
313 4197 348 4240 se
371 4173 617 4260 excipientibus.
663 4168 800 4252 Saepius
827 4169 903 4234 talis
933 4170 1031 4234 series
1062 4168 1108 4232 sic
1139 4173 1189 4232 est
1210 4167 1373 4248 instituta,

147 4283 184 4344 ut
212 4278 355 4362 primum
385 4278 565 4346 membrum
592 4271 754 4357 particula
783 4269 920 4356 πότερον
950 4271 1000 4336 ιιι
1027 4271 1163 4338 similem
1186 4271 1220 4338 in
1242 4271 1373 4338 modum

147 4381 299 4466 incipiat,
330 4382 503 4468 sequentia
528 4375 689 4463 particula
716 4368 816 4454 &aaa
850 4373 1062 4440 refutationes
1094 4379 1203 4440 autam
1236 4372 1285 4440 vel
1315 4393 1374 4460 per

149 4487 323 4552 enuntiata
361 4485 499 4552 relativa
535 4477 746 4562 interrogatio
784 4476 878 4544 nibus
915 4476 1068 4542 adiuncta
1104 4475 1154 4540 vel
1184 4497 1242 4560 per
1271 4495 1373 4544 novas
