3102 4910
764 256 805 318 41

689 345 891 354 ———

190 463 345 545 Θηβαῖοι,·
372 457 416 548 μὴ
434 453 506 523 λιάν
533 456 652 544 πικρὸν
683 455 789 524 εἰπεῖν
816 450 851 547 ᾗ,
879 457 935 524 καὶ
969 459 1229 541 συνεισβαλοῦσιν
1250 453 1396 542 ἑτοίμως.

186 558 286 628 ἀλλὰ
309 566 451 642 Φωκεῖςς
473 557 502 626 οἰ
524 560 582 650 τὴν
604 557 726 627 οἰκείαν
747 557 804 643 οιίχ
825 552 888 627 οἷοί
909 585 944 626 τε
964 555 1053 638 ὅντες
1074 559 1254 649 φυλάττειν,
1278 559 1335 628 ἐὰν
1354 560 1393 644 μί

185 660 370 754 βοηθήσηθ’
408 660 507 746 ὑμεῖς.
558 659 578 752 ἢ
613 660 708 740 ἄλλος
742 688 810 744 aar
851 659 935 731 ἀλλ’
974 655 1060 728 υἰταν
1095 659 1164 744 οὐχὶ
1199 663 1399 752 βουλήσεται.

188 773 236 847 18,
260 773 302 833 24
326 765 360 832 τί
387 765 447 851 γὰρ
472 765 529 832 καὶ
556 764 742 851 βουλόμενοι
771 761 1017 850 μετεπέμπεσθ’
1042 761 1218 842 ἃναύιοὺς
1240 765 1398 852 ἐντούτῳ

184 874 230 957 τῷ
272 874 389 957 καιρῷ,
432 867 492 935 ἐντὶ
530 868 588 958 τὴν
624 865 762 958 εἰρήνην,
805 865 890 935 ἄλλ)
931 866 1070 958 ὑπῆρχεν
1109 867 1244 935 ἅπασιν.
1310 864 1394 936 ἀλλ’

185 971 243 1038 ἐπὶ
272 971 329 1040 τὸν
357 969 499 1056 πόλεμον
506 1001 516 1052 ,·
552 967 635 1038 ἀλλ’
663 968 756 1038 αὐτοὶ
779 971 854 1058 περὶ
877 968 998 1061 εἰρήνης
1019 970 1236 1056 ἐβουλεύεσθε.
1282 979 1332 1053 21,
1355 979 1396 1038 98

184 1083 217 1141 et
245 1080 305 1140 148
332 1076 388 1159 (cf.
418 1078 515 1141 etiam
544 1081 599 1156 21,
628 1079 669 1140 89
697 1098 759 1158 sq.,
794 1098 857 1159 quo
891 1077 962 1140 loco
992 1078 1218 1159 occupationes
1249 1083 1282 1141 et
1313 1075 1398 1141 refu·

184 1181 323 1246 tationes
345 1181 453 1263 plures
474 1179 635 1261 leguntur,
659 1201 743 1262 quae
765 1179 926 1262 particula
941 1173 1023 1244 ἀλλά
1037 1181 1204 1263 incipiunt,
1228 1180 1285 1244 sed
1300 1181 1398 1244 inter-

185 1282 367 1363 rogationes
395 1305 460 1346 non
481 1282 709 1367 usurpantur);
733 1285 783 1360 24,
808 1287 859 1362 58,
882 1287 934 1364 81,
961 1287 1020 1346 125
1044 1305 1102 1366 sq,
1130 1287 1190 1346 128
1206 1305 1252 1366 sq.
1277 1287 1396 1364 28,18.

269 1381 424 1450 Videmus
445 1385 586 1449 indolem
608 1385 703 1449 huius
726 1384 851 1468 generis
873 1384 1000 1448 dicendi
1021 1407 1093 1450 eam
1108 1407 1186 1464 esse,
1210 1391 1247 1450 ut
1263 1385 1398 1468 singulis

182 1487 490 1570 interrogationibus
523 1508 660 1570 propere
691 1487 893 1552 subiciantur
922 1487 1151 1566 refutationes,
1184 1495 1282 1570 atquo
1310 1487 1397 1571 apud

186 1597 332 1656 oratores
355 1592 526 1674 genuinos,
550 1591 612 1655 etsi
634 1591 763 1674 saepius
784 1591 995 1672 interrogatio
1018 1597 1086 1655 tam
1109 1591 1253 1656 absurda
1273 1596 1338 1668 est,
1361 1596 1398 1654 ut

184 1693 381 1759 refutatione
409 1694 500 1758 nulla
521 1715 602 1777 opus
624 1713 694 1757 esse
716 1692 873 1774 videatur,
897 1715 1023 1776 semper
1044 1700 1151 1758 tamen
1173 1716 1279 1777 pauca
1301 1693 1399 1758 verba

182 1803 375 1878 sequuntur,
407 1798 523 1880 quibus
555 1817 644 1860 error
674 1797 884 1860 convincitur.
935 1797 1027 1861 Unus
1056 1798 1146 1861 locus
1175 1795 1398 1862 Timocrateae

181 1897 201 1986 ξ
220 1904 279 1963 125
296 1921 343 1982 sq.
367 1900 443 1966 huic
463 1900 528 1983 legi
542 1921 725 1983 repugnare
740 1898 876 1963 videtur.
921 1899 1008 1964 Nam
1023 1905 1097 1982 post
1111 1900 1204 1964 binas
1219 1902 1398 1983 interroga-

180 2003 285 2066 tiones
309 2009 342 2068 et
363 2003 576 2068 refutationes
598 2003 744 2084 sequitur
765 2002 863 2066 tertia
884 2002 1105 2085 interrogatio,
1129 2025 1212 2085 quae
1233 2025 1297 2066 non
1313 2003 1398 2066 refu-

179 2109 278 2168 tatur.
331 2106 371 2170 of.
401 2103 420 2190 ξ
451 2109 510 2168 125
539 2102 613 2169 ἐπεὶ
637 2099 851 2190 Ἀνδροτίωνά
877 2127 911 2189 με
937 2102 1086 2190 ιιότερα
1113 2100 1149 2170 οὐ
1178 2109 1331 2192 πατρῷον
1359 2103 1397 2170 τὸ

178 2204 349 2287 δεδέσθαι,Ι
383 2202 467 2272 ἀλλ’
502 2202 594 2272 αὐτοὶ
628 2203 697 2272 ἴστε
728 2202 801 2272 arel.
855 2206 874 2292 ξ
904 2213 964 2271 126
1001 2203 1099 2274 ἀλλὰ
1131 2206 1187 2274 διὰ
1214 2206 1257 2272 τὰ
1286 2207 1397 2295 ἐντετη-

176 2306 322 2396 omnam
349 2308 392 2375 τὰ
421 2308 454 2374 ἐν
480 2313 521 2397 τῇ
546 2306 673 2398 ἡλικίᾳ,
706 2304 805 2376 ἀλλὰ
832 2309 887 2375 καί
914 2308 973 2376 διὰ
997 2315 1101 2375 ταῦτα
1129 2309 1282 2376 δεδέσθαι
1312 2306 1401 2397 αὐτῷ

176 2407 236 2492 οιίχ
250 2400 344 2499 ἧττον
360 2411 514 2501 προσήκει
529 2407 549 2500 ἢ
563 2409 604 2477 δι)
622 2411 708 2498 ὅπερ
721 2408 879 2499 ὑφείλετο.
924 2408 943 2500 ἢ
957 2411 1018 2478 ὅτι
1034 2409 1133 2502 εἰσῄει
1148 2409 1194 2491 εἰς
1207 2412 1265 2503 τὴν
1279 2409 1398 2498 ἀγορὰν

176 2511 238 2580 οὐκ
263 2514 336 2596 ἐξὸν
365 2511 453 2603 αὐτῷ
460 2567 467 2596 ,
499 2515 556 2581 καὶ
582 2514 619 2580 ἐκ
645 2515 762 2604 ταύτης
787 2515 862 2592 τοὺς
887 2512 1061 2602 σωφρόνως
1080 2514 1278 2600 βεβιωκότας
1300 2511 1398 2592 αὐτὸς

176 2609 251 2706 ἦγεν
275 2615 321 2694 εἰς
348 2617 386 2684 τὸ
407 2615 638 2707 δεσμωτήριονς
678 2620 798 2688 Verbis
820 2620 1030 2704 sequentibus
1053 2619 1289 2684 Demosthenes
1311 2640 1395 2684 nova

103 2805 107 2810 Ι
177 2721 380 2787 subiectione
408 2745 428 2786 a
451 2723 637 2787 Timocrate
666 2723 709 2788 ad
730 2723 939 2806 Melanopum
963 2724 1096 2804 transit,
1126 2723 1169 2788 ad
1192 2745 1286 2806 quern
1309 2722 1361 2786 ref
1383 2760 1395 2771 -

179 2827 262 2890 tatio
285 2848 369 2909 quae
390 2827 536 2908 sequitur
557 2827 706 2909 pertinet.
751 2827 791 2890 cf.
813 2826 925 2890 verba:
953 2821 1055 2890 ἀλλὰ
1071 2822 1278 2899 Μελάνωπος
1293 2821 1395 2888 δεινὸν

178 2923 301 3014 aar?
331 2926 419 2994 ἐστὶν
443 2923 472 2993 εἰ
500 2926 699 3016 δεθήσεσθαι
729 2931 783 2992 νῦν
810 2924 953 3012 ἔμελλεν,
997 2924 1097 2992 ἀλλὰ
1118 2923 1190 2992 κτοί.
1234 2927 1299 2994 Sed
1322 2949 1394 2992 cnm

180 3039 231 3096 tot
247 3033 303 3096 alii
325 3033 387 3098 loci
410 3033 483 3110 sint,
509 3033 626 3114 quibus
648 3033 738 3096 nulla
759 3033 916 3097 subiectio
937 3032 1132 3096 refutatione
1155 3037 1265 3096 careat
1287 3036 1320 3094 et
1334 3030 1396 3094 hoc

177 3156 278 3216 genus
321 3135 611 3218 interrogationum
657 3156 715 3217 per
756 3157 789 3198 se
827 3135 932 3218 ipsum
977 3136 1218 3217 responsionem
1263 3153 1395 3216 poscere

177 3235 341 3316 videatur,
373 3237 500 3316 dubito,
524 3261 629 3303 nonne
650 3237 887 3302 Demosthenes
909 3239 993 3320 ipse,
1016 3239 1043 3302 si
1066 3243 1242 3301 extremam
1264 3257 1394 3299 manum

178 3339 402 3404 Timocrateae
429 3341 606 3424 attulisset,
637 3340 698 3404 hoc
721 3361 851 3422 quoque
873 3341 943 3404 loco
966 3341 1195 3406 refutationem
1215 3340 1394 3402 inserturus

177 3443 283 3507 fuerit.
328 3441 447 3508 Altera
479 3465 607 3526 quoque
641 3443 797 3508 subiectio
825 3443 921 3506 huius
948 3442 1011 3506 loci
1041 3442 1150 3525 paullo
1179 3441 1394 3524 negligentius

176 3543 265 3610 diota
293 3553 351 3609 est.
397 3546 517 3612 Sensus
545 3547 664 3629 poscit,
695 3553 731 3610 nt
758 3546 800 3610 ad
826 3546 937 3610 verba:
983 3540 1066 3611 ἀλλὰ
1087 3542 1144 3610 διὰ
1164 3542 1207 3608 τὰ
1229 3541 1394 3630 intersteti-

175 3671 264 3730 ματα
285 3645 328 3712 τὰ
350 3646 384 3712 ἐν
404 3643 528 3735 ἡλικίας
550 3649 757 3732 suppleamus
780 3642 816 3712 οιί
841 3647 996 3736 προσήκει
1018 3643 1106 3736 αὐτῷ
1128 3644 1301 3724 δεδέσθαις
1337 3643 1395 3710 sed

175 3751 271 3834 primi
293 3751 443 3830 membri,
473 3751 516 3815 ad
538 3753 625 3834 quod
647 3751 857 3834 grammatice
879 3750 1079 3816 redeundum
1101 3757 1164 3832 est,
1195 3751 1275 3816 haec
1297 3749 1395 3814 verba

174 3859 264 3918 suut:
301 3848 338 3918 οὐ
364 3856 516 3940 πατρῷον
534 3851 573 3919 τὸ
595 3852 767 3934 δεδέσθαις

264 3957 521 4040 Aristogitoniae
550 3957 690 4040 scriptor
715 3956 820 4021 tribus
846 3956 924 4021 locis
953 3955 1016 4020 hac
1043 3956 1147 4037 figura
1173 3975 1251 4020 usus
1274 3959 1337 4025 est,
1362 3959 1395 4020 et

175 4065 263 4124 recte
293 4059 313 4146 ξ
346 4065 385 4122 77
418 4080 466 4141 sq.
495 4067 527 4123 et
551 4059 570 4146 ξ
597 4064 657 4122 100
685 4059 822 4142 singulis
849 4059 1160 4146 interrogationibus
1185 4057 1395 4122 refutationes

172 4159 276 4226 addit.
324 4161 403 4226 Elius
427 4183 569 4244 quoqne,
593 4161 633 4226 de
656 4184 720 4244 qno
743 4163 887 4246 agimus,
914 4162 979 4232 loci
1000 4161 1126 4226 initium
1148 4161 1193 4222 sic
1214 4159 1396 4222 institutum

170 4271 233 4328 est.
271 4262 311 4326 cf.
335 4263 354 4350 ξ
373 4269 412 4328 65
438 4260 607 4350 πότερον
629 4263 688 4350 γὰρ
709 4263 760 4330 ὅτι
775 4303 818 4312 -
833 4267 895 4336 διὰ
918 4275 1026 4334 ταῦτα
1049 4257 1143 4328 αι”τὸν
1167 4256 1236 4342 ὑμῖν
1258 4255 1398 4342 ὑπολαμ-

165 4363 285 4450 βάνετε
312 4359 420 4430 εἰίνοιν
448 4359 547 4446 εἰναι,·
586 4361 670 4432 ἀλλ’
700 4363 825 4432 ι’ἰτοιιον
856 4369 898 4456 εἰ,
928 4371 987 4440 τὸν
1018 4363 1084 4434 ,1ιά
1111 4361 1165 4428 καί
1190 4357 1284 4434 θεοὺς
1308 4365 1402 4428 τοῦτο

167 4489 207 4556 με
245 4475 278 4532 et
314 4468 333 4556 ξ
371 4474 410 4532 67
448 4463 546 4534 ἀλλὰ
582 4467 618 4558 νὴ
653 4464 713 4536 .Ιι”
753 4468 804 4534 ὅτι
841 4471 907 4546 τὰς
947 4466 1099 4550 ἐνδείξεις
1134 4461 1230 4532 αἰτοῦ
1267 4475 1402 4552 recepi,-
