3102 4910
776 257 816 318 20

695 346 895 353 ——-

195 461 236 526 ab
265 460 411 525 omnibus
440 481 512 524 eum
541 461 656 543 capitis
685 462 876 546 supplicium
905 467 1084 544 petentem,
1112 461 1173 525 hac
1196 462 1235 526 de
1258 483 1356 527 causa
1378 463 1412 527 in

195 565 342 628 omnibus
374 563 486 628 litibus
518 584 590 627 eum
623 584 662 628 ne
694 565 839 645 quintam
871 564 1000 647 quidem
1028 570 1154 647 partem
1182 564 1412 647 suffragiorum

195 666 352 732 ferentem
374 665 461 730 facit.
506 665 594 730 Nam
617 667 785 750 aptissima
807 673 881 731 sunt
903 666 993 746 haec,
1017 665 1134 748 quibus
1158 672 1190 730 et
1212 668 1412 732 accusatoris

194 769 349 834 atrocitas
377 774 410 831 et
438 767 580 832 iudicum
603 767 788 833 humanitas
810 769 1031 833 adumbretur.
1076 769 1113 832 of.
1137 769 1156 854 ξ
1178 772 1219 833 84
1242 763 1310 834 ἀλλ’
1334 767 1354 857 ἥ
1376 791 1412 854 γε

193 868 307 936 τούτου
339 867 454 954 πικρία
488 868 543 934 καὶ
570 867 743 957 μιαιφονία
771 869 826 936 καὶ
857 865 982 958 ὠμότης
1012 874 1119 959 παρῆν
1147 869 1203 936 καὶ
1233 868 1411 956 ἐξητάζετο.

194 973 269 1038 Hac
291 973 331 1038 de
354 994 452 1036 causa
474 973 597 1038 inducit
620 974 717 1038 etiam
739 975 859 1040 liberos
889 980 922 1038 et
949 979 1069 1038 matres
1092 995 1220 1039 reorum
1241 974 1356 1038 flentes
1380 980 1413 1038 et

196 1074 465 1160 supplicantesffi)
509 1075 595 1139 Iuris
617 1096 745 1158 quoque
768 1078 919 1160 peritiam
941 1078 1050 1155 iactat,
1074 1075 1130 1140 sed
1152 1077 1278 1159 ineptit.
1323 1074 1411 1140 Nam

196 1179 275 1243 dicit
296 1177 314 1264 ξ
339 1183 378 1241 83
404 1177 659 1258 Aristogitonem
677 1180 791 1262 capitis
808 1179 1001 1262 supplicium
1016 1179 1220 1262 proposuisse
1235 1175 1291 1241 καὶ
1306 1179 1413 1240 ταῦτα

196 1280 274 1367 πρὶν
294 1279 350 1368 τὴν
373 1276 505 1366 πρώτην
527 1282 641 1366 ψῆφον
655 1279 863 1368 διενεχθῆναι,
885 1288 1042 1364 tanquam
1058 1281 1119 1344 hoc
1135 1280 1296 1344 crudelius
1311 1280 1412 1343 etiam

195 1392 288 1464 esset,
312 1405 407 1466 quam
431 1383 458 1446 si
473 1389 548 1464 post
563 1383 667 1464 prima
683 1382 838 1466 suffragia
853 1385 922 1448 lata
937 1383 1169 1466 proposuisset.
1215 1382 1285 1448 Scit
1300 1383 1411 1465 igitur,

193 1489 227 1552 in
249 1487 397 1552 omnibus
419 1484 539 1564 litibus,
564 1484 603 1548 de
626 1487 743 1567 quibus
765 1509 829 1552 non
852 1493 940 1551 certa
962 1506 1067 1570 poena
1088 1485 1214 1568 legibus
1235 1486 1413 1550 constituta
1436 1553 1438 1558 ,

194 1595 265 1653 erat
288 1583 421 1674 (ἀγῶνες
442 1583 594 1673 capuaci),
619 1588 667 1652 bis
690 1611 710 1653 a
732 1589 890 1654 iudicibus
913 1588 1068 1671 suffragia
1087 1609 1156 1654 esse
1171 1588 1249 1668 lata,
1271 1589 1412 1670 primum

193 1697 230 1755 ut
254 1692 472 1769 decernerent,
497 1695 605 1753 utrum
627 1711 701 1754 reus
723 1693 836 1756 noxius
866 1699 950 1756 esset
977 1712 1093 1772 necue,
1123 1690 1255 1769 deinde,
1283 1691 1310 1753 si
1338 1711 1413 1754 con·

194 1794 364 1858 damnatus
387 1798 473 1872 erat,
504 1797 540 1855 ut
568 1813 705 1874 poenam
729 1801 918 1858 statuerent.
968 1793 1034 1859 Sed
1060 1795 1177 1874 nescit,
1206 1799 1412 1856 accusatores

193 1917 319 1978 semper
340 1895 373 1958 in
398 1895 467 1978 ipso
490 1893 600 1958 libello
630 1916 768 1977 poenam
795 1918 892 1979 quam
920 1903 1137 1980 proponerent
1159 1893 1411 1980 inscripsisse¹⁷)

194 2005 226 2063 et
248 2000 280 2062 in
303 1997 449 2063 oratione
471 2017 554 2080 quae
570 2002 646 2060 ante
661 1999 767 2082 prima
783 1999 938 2082 suffragia
953 1999 1021 2062 lata
1036 1998 1229 2078 habebatur,
1254 2018 1412 2061 commen-

193 2101 297 2166 dasse.
343 2099 467 2163 Tamen
492 2100 560 2181 ipse
582 2101 665 2181 petit
683 2100 700 2186 ξ
718 2106 785 2166 923,
800 2102 968 2181 iudicibus,
994 2107 1030 2165 ut
1046 2103 1072 2165 si
1088 2102 1193 2164 minus
1209 2100 1411 2183 supplicium,

193 2210 303 2267 tamen
334 2201 468 2266 multam
506 2202 731 2283 gravissimam
769 2204 987 2286 Aristogitoni
1023 2204 1176 2286 irrogent.
1236 2201 1275 2266 cf.
1314 2203 1413 2267 verba

192 2301 334 2386 μάλιστα
354 2301 413 2386 μὲν
435 2297 524 2390 αὐτῷ
544 2302 690 2369 θανάτοιν
711 2310 853 2394 τιμῆσαι,
877 2301 906 2370 εἰ
929 2303 964 2370 δὲ
985 2303 1038 2394 μή,
1065 2309 1220 2370 τοσοῦτον
1243 2302 1411 2369 ἐπιθεῖναι

191 2403 313 2494 τίμημα
334 2404 500 2493 χρημάτων
529 2403 604 2472 ὅσον
624 2406 668 2496 μὴ
695 2406 861 2496 δονήσεται
889 2407 1005 2496 φέρειν.
1050 2410 1166 2492 Itaque
1188 2409 1257 2492 ipse
1281 2410 1409 2474 commi-

193 2511 245 2590 sit,
269 2507 356 2592 quod
379 2509 593 2592 Aristogitoni
617 2511 725 2575 obicit.

279 2611 373 2675 Haec
396 2610 435 2675 de
452 2611 676 2694 Aristogitone
699 2619 865 2678 oratorum
888 2618 920 2677 et
939 2612 1138 2695 privatorum
1152 2613 1282 2678 inimico
1298 2619 1413 2678 auctor

192 2719 314 2778 narrat.
369 2713 434 2779 Sed
465 2714 674 2796 magistratus
707 2717 803 2781 etiam
834 2718 867 2780 in
898 2715 1111 2799 descriptione
1143 2736 1201 2778 sus
1234 2718 1411 2800 praeterire

191 2818 304 2882 noluit.
354 2817 394 2881 cf.
427 2816 445 2902 ξ
473 2820 514 2880 49
543 2823 576 2881 et
608 2822 658 2882 50.
707 2819 838 2884 Novum
866 2818 1046 2901 exemplum
1075 2818 1162 2882 illius
1192 2819 1412 2901 impudentiae

192 2919 295 2985 affert.
340 2918 392 2984 Ne
417 2919 560 2984 delatum
584 2920 714 3003 quidem
744 2943 816 2986 eum
840 2921 1002 2985 destitisse
1023 2921 1056 2984 in
1078 2921 1281 2985 contionibus
1304 2923 1412 2986 clami-

192 3030 271 3105 tare,
295 3023 471 3088 calumnias
495 3043 661 3106 spargere,
686 3026 812 3089 minari,
858 3024 957 3091 Velut
979 3025 1012 3088 in
1033 3028 1199 3106 praetores
1219 3043 1324 3106 nuper
1338 3044 1410 3088 eum

191 3127 352 3191 invectum
385 3145 468 3205 esse,
516 3127 593 3207 quia
624 3127 653 3190 ei
681 3129 851 3210 pecuniam
885 3128 1032 3211 poscenti
1067 3147 1131 3190 non
1164 3125 1343 3208 dedissent,
1377 3133 1410 3189 et

191 3230 400 3311 magistratus
423 3234 512 3292 sorte
536 3227 654 3292 electos
677 3249 746 3293 esse
770 3230 1009 3311 calumniatum,
1032 3229 1201 3312 pecuniam
1222 3233 1409 3310 poscentem

193 3339 225 3396 et
248 3332 378 3415 quasvis
400 3331 565 3396 molestias
595 3333 634 3396 iis
661 3332 861 3397 afferentem.
906 3333 972 3397 Hic
995 3353 1123 3415 quoque
1146 3331 1235 3394 locus
1258 3330 1412 3413 quodam·

190 3434 286 3499 modo
324 3434 502 3498 contrarius
541 3439 590 3499 est
626 3434 646 3522 ξ
685 3439 737 3500 41.
782 3436 837 3500 An
874 3442 1057 3520 praetores,
1096 3433 1277 3514 archontes,
1313 3433 1411 3497 ceteri

190 3538 400 3620 magistratus
424 3537 569 3602 homiues
592 3539 711 3621 privati
735 3543 768 3602 et
790 3538 931 3622 imperiti
946 3536 1043 3602 sunt?
1073 3537 1252 3602 Praeterea
1266 3535 1410 3619 ineptum

191 3645 240 3704 est
263 3641 415 3722 cogitare,
441 3661 549 3704 omnes
571 3642 784 3724 magistratus
807 3647 894 3706 sorte
918 3641 1053 3722 electos,
1084 3639 1139 3722 qui
1166 3637 1259 3702 multi
1281 3637 1411 3702 fuerunt

189 3750 222 3808 et
241 3744 322 3808 varii
344 3741 494 3822 Athenis,
512 3763 583 3806 euru
599 3745 793 3808 insectatum
809 3765 878 3810 esse
894 3751 991 3827 atque
1007 3743 1048 3808 ab
1066 3741 1213 3806 omnibus
1234 3741 1405 3823 pecuniam

189 3885 345 3892 —-----.-..
372 3885 390 3890 ..-

264 3963 298 4033 ¹⁶)
318 3963 362 4017 Ex
385 3962 578 4016 Demosthene
604 3965 656 4018 sibi
679 3965 751 4018 hauc
777 3965 946 4019 sententiam
969 3963 1105 4032 surripuit
1127 3963 1167 4015 its
1189 3967 1222 4015 ut
1245 3981 1296 4032 pro
1320 3967 1409 4016 matre

185 4047 329 4105 Timarchi
356 4050 484 4114 posuerit
517 4053 622 4103 matres
652 4050 710 4104 τῶν
738 4058 902 4124 κρινομένων
928 4057 1039 4116 ἐνίων,
1071 4049 1146 4118 quod
1176 4049 1294 4102 verbum
1310 4049 1409 4104 ,totius

182 4136 347 4190 sententiae
366 4135 537 4202 gravitatem
553 4140 692 4190 attenuat.
748 4137 783 4191 ci'.
802 4137 837 4192 D.
862 4141 907 4204 19,
930 4139 982 4190 283
1005 4132 1059 4190 oto*
1086 4135 1167 4189 ἐλεεῖν
1188 4133 1256 4203 ὑμᾶς
1277 4133 1339 4190 οὔτε
1362 4134 1409 4201 τὴν

182 4225 286 4292 μητέρα
307 4221 364 4276 δεῖν
381 4219 432 4287 τὴν
456 4222 587 4292 Ήμάρχον
604 4222 688 4295 γραῦν
704 4231 828 4297 γυναῖκα,
853 4222 914 4277 οὔτε
932 4223 967 4277 τὰ
986 4223 1092 4278 παιδία.

260 4309 297 4380 ¹⁷)
316 4313 417 4376 τίμημα
437 4309 640 4381 ἐπιγράφεσθαι
665 4315 709 4362 est
728 4311 848 4363 verbum
873 4310 1020 4379 proprium
1043 4309 1126 4362 huius
1144 4309 1185 4361 rei
1204 4309 1238 4362 cf.
1257 4307 1359 4360 Aesch.
1380 4307 1401 4370 l,

184 4395 215 4446 16
233 4399 355 4452 verbum
376 4393 435 4448 sine
454 4393 537 4448 dubio
563 4400 639 4449 recta
661 4401 822 4464 usurpatur,
846 4396 900 4449 etsi
925 4397 970 4449 lex
988 4396 1060 4450 falsa
1080 4401 1131 4450 est.
1168 4396 1200 4448 of.
1223 4394 1308 4448 etiam
1326 4393 1404 4446 Dem.

182 4483 224 4548 29,
242 4483 272 4548 83
294 4485 359 4538 Din.
375 4485 400 4544 2,
422 4483 460 4535 12.
496 4481 809 4538 Meier—Schoomann
828 4485 844 4538 l.
864 4483 880 4536 l.
901 4499 927 4551 p.
950 4486 996 4536 171
1018 4501 1058 4552 sq.
1078 4491 1107 4537 et
1126 4485 1176 4536 7⁴24
1195 4499 1235 4548 sq.
