3102 4910
746 208 785 268 37

161 397 191 467 τί
208 400 300 484 σαίζει
323 402 378 470 καὶ
399 403 535 488 συνέχει,·
559 403 588 473 ol
612 408 717 492 νόμοι·
740 407 825 474 κατὰ
845 405 903 496 γὰρ
917 402 1049 482 τούτους
1070 408 1163 494 οὔσης
1190 411 1246 496 τῆς
1275 410 1366 474 πολι-

160 502 241 582 τείας
276 503 345 572 ἐστὶ
377 514 480 574 ταῦτα
512 510 650 598 χρήσιμα
681 515 728 600 τῷ
760 515 866 600 κοινῷ.
915 505 944 576 εἰ
972 506 1008 573 δὲ
1034 502 1218 575 τούναντίον
1245 509 1366 598 γένοιτο

159 611 221 685 τοῖς
241 614 386 696 χρηστοῖς
405 610 463 694 μὲν
482 609 558 700 μηδ’
582 609 689 680 ὁτιοῦν
711 612 819 696 πλέον,
843 617 911 690 τοῖς
932 607 964 676 d‘
988 606 1153 677 ἀδικοῦσιν
1174 605 1267 678 {idria
1290 613 1366 702 ὅσην

162 711 355 802 Τιμοκράτης
382 712 527 802 γέγραφε,
558 713 646 806 πόση
673 715 793 806 ταραχὴ
822 711 938 802 γένοιτ’
963 709 1001 780 dv
1023 709 1207 801 εἰκότωςίθ)

237 815 336 880 Addo
364 820 533 883 nonnullos
556 820 644 885 locos
651 870 659 902 ,
691 819 950 904 quibusiudiees
972 817 1196 898 admonentur,
1219 823 1256 882 ut
1276 807 1364 900 leg'es

157 925 316 1000 tueantur,
338 920 493 986 similibus
516 923 622 986 verbis
645 929 743 1006 atque
765 923 799 986 in
822 920 1070 1004 Aristogitonis.

236 1021 275 1084 of.
299 1022 392 1087 Dem.
416 1027 467 1102 21,
493 1029 552 1088 177
574 1029 669 1090 τοῦτο
690 1023 749 1111 γάρ
771 1019 842 1088 ἐσθ’
866 1014 884 1088 ὃ
906 1019 1078 1110 φυλάττειν
1099 1015 1182 1102 ὑμᾶς
1203 1019 1260 1098 δεῖ,
1289 1017 1364 1095 τοὺς

156 1119 278 1204 νόμους,
301 1121 357 1190 τὸν
378 1121 480 1208 ὅρκον.
523 1122 611 1192 ταῦτ’
635 1122 724 1208 ἔχεθ’
747 1121 837 1208 ὑμεῖς
859 1120 887 1188 oi
910 1123 1090 1204 δικάζοντες
1112 1115 1162 1188 ἀεὶ
1185 1119 1276 1206 παρὰ
1298 1125 1363 1186 ταῖν

155 1219 256 1290 dibon
281 1221 420 1308 ὡσπερεί
443 1228 730 1318 παρακαταθήκην,
758 1221 795 1316 ἣν
817 1225 942 1293 ἅπασιν
963 1225 1034 1294 ὅσοι
1054 1223 1136 1308 μετὰ
1157 1231 1213 1289 τοῦ
1236 1221 1362 1290 δικαίου

156 1325 234 1412 πρὸς
261 1325 343 1410 Ιὑμεῖς
368 1325 511 1414 ἔρχονται
537 1330 624 1418 opion
650 1328 805 1417 άπάρχειν
833 1330 890 1394 δεῖ.
941 1337 973 1396 et
993 1329 1033 1416 βξ
1057 1331 1223 1408 sss-25,
1247 1327 1361 1410 quibus

156 1434 339 1514 exponitur,
362 1435 449 1517 leges
470 1433 611 1498 iudicum
634 1435 753 1500 auxilio
777 1442 809 1500 et
829 1435 950 1498 iudices
972 1433 1079 1514 legum
1101 1431 1221 1494 auxilio
1244 1431 1360 1496 valere.

236 1535 329 1600 Dem.
355 1541 404 1616 19,
428 1542 490 1600 239
513 1532 587 1619 ὑμῖν
608 1534 644 1602 δὲ
664 1541 729 1602 τῶν
751 1533 855 1619 νόμων
876 1533 932 1600 καί
953 1532 1027 1621 ὅλης
1048 1537 1105 1621 τῆς
1126 1529 1252 1609 πόλεως
1275 1532 1360 1618 (scil.

156 1634 305 1722 προσήκει
325 1635 525 1724 φροντίζειν).
570 1640 609 1703 of.
634 1641 731 1705 etiam
754 1645 804 1718 21,
829 1642 870 1702 34
891 1645 924 1703 et
947 1638 1065 1702 Aesoh.
1093 1642 1119 1716 1,
1143 1641 1172 1700 6.

235 1739 391 1805 Videmus
418 1743 533 1824 igitur,
563 1742 693 1806 easdem
722 1743 911 1820 sententias,
943 1761 1027 1824 quae
1057 1740 1090 1804 in
1122 1737 1361 1820 Aristogitonis

155 1841 251 1904 tentis
287 1844 479 1926 ambagibus
516 1850 732 1928 exponuntur,
771 1844 885 1910 eadem
922 1843 1033 1922 verbs,
1077 1862 1160 1923 quae
1197 1840 1240 1905 ab
1276 1840 1362 1904 illius

153 1944 305 2026 scriptore
342 1947 460 2010 iterum
496 1947 678 2030 iterumque
712 1953 918 2030 repetuntur,
962 1944 1097 2008 inveniri
1139 1943 1239 2009 etiam
1275 1943 1362 2028 apud

153 2051 293 2112 oratores
320 2051 492 2130 genuinos,
521 2050 578 2114 sed
605 2050 683 2116 loeis
711 2050 795 2133 aptis
824 2053 981 2132 usurpata
1004 2052 1101 2130 etque
1122 2047 1170 2110 ita
1191 2053 1231 2111 ut
1252 2069 1361 2112 omnes

152 2147 276 2214 inutiles
320 2151 528 2232 repetitiones
572 2153 741 2216 evitentur.
810 2151 884 2235 Quo
925 2149 1127 2214 verisimilius
1165 2149 1264 2214 etiam
1302 2157 1360 2231 est,

151 2249 254 2316 locum
277 2253 535 2336 Aristogitoniee
557 2255 759 2320 eleboratum
783 2275 851 2319 esse
874 2277 894 2318 a
916 2253 1059 2332 rhetore,
1090 2252 1145 2334 qui
1173 2253 1361 2334 sententias,

150 2374 227 2434 quas
262 2356 349 2438 opud
383 2362 528 2420 oratores
561 2357 702 2424 breviter
735 2378 902 2441 expressas
935 2355 1027 2438 legit,
1064 2353 1166 2418 fusius
1200 2356 1361 2438 explicare

151 2458 285 2523 studuit.
329 2459 411 2524 Inde
433 2481 454 2523 a
475 2459 495 2545 ξ
518 2463 558 2524 27
582 2460 712 2525 disserit
734 2460 774 2525 de
797 2459 1030 2542 Aristogitonis
1052 2455 1236 2522 sceleribus.
1281 2459 1362 2526 Ver-

149 2567 238 2624 satur
265 2567 374 2626 antem
403 2562 435 2626 in
464 2563 578 2628 eedem
605 2564 781 2644 sententia,
810 2584 908 2645 quem
935 2583 968 2626 se
994 2561 1249 2644 praeteriturum
1277 2560 1296 2644 ξ
1322 2566 1360 2626 19

151 2659 240 2741 dixit,
264 2663 336 2730 ideo
359 2666 493 2732 illinon
516 2687 585 2730 esse
608 2665 794 2744 cedendum,
818 2665 894 2747 quis
916 2665 948 2728 vi
963 2665 1125 2730 civitatem
1140 2661 1203 2726 sibi
1219 2663 1361 2748 arripere

149 2771 292 2830 sonetur.
336 2767 375 2832 ef.
411 2767 429 2852 ξ
462 2773 510 2832 19.
554 2765 610 2832 καὶ
638 2765 690 2832 ὅτι
720 2761 791 2832 οὔδ’
820 2762 849 2832 εἰ
872 2771 956 2832 πᾶσι
978 2769 1047 2840 τοῖς
1068 2760 1177 2841 ἄλλοις
1210 2759 1359 2855 [doleret

145 2861 214 2946 οὐχί
234 2871 282 2956 τῷ
301 2867 478 2956 βιαζομένῳ
498 2867 605 2958 δήπου
620 2874 819 2958 συγχωρῆσαι
838 2864 993 2958 προσήκει
1016 2867 1120 2954 (ὕβρις
1135 2864 1196 2954 γὰρ
1211 2867 1249 2956 dl,
1263 2867 1359 2936 τοῦτό

129 2969 203 3053 Ιμε),
227 2969 283 3036 καὶ
306 2970 416 3037 πάντα
437 2971 479 3037 τὰ
500 2975 636 3037 τοιαῦτα
657 2970 743 3036 ἐάσω
765 2995 837 3038 cum
861 2973 879 3056 ξ
903 2977 942 3035 27
964 2968 1020 3034 τὸν
1043 2967 1135 3056 παρὰ
1155 2970 1232 3046 τοὺς
1246 2967 1360 3054 νόμοις

146 3069 245 3156 λέγειν
265 3067 285 3160 ἢ
306 3069 461 3160 πράττειν
482 3099 514 3139 τι
535 3069 721 3158 βιαζόμενον
742 3083 774 3140 et
794 3069 811 3138 ὁ
833 3070 983 3158 βδελυρὸς
1004 3071 1059 3137 καὶ
1081 3066 1213 3160 ἀναιδὴς
1235 3068 1358 3160 άνθριο-

148 3197 210 3250 νιος
235 3173 381 3258 βιάζεται
411 3176 486 3252 τοὺς
519 3175 633 3260 νόμους
663 3183 695 3242 et
725 3177 743 3264 ξ
773 3183 813 3242 28
844 3175 877 3252 ἐς
897 3173 934 3242 τὸ
957 3172 1046 3252 ἐντὸς
1066 3172 1189 3240 τούτων
1210 3174 1304 3263 βιάζῃ
1326 3185 1359 3242 et

146 3275 220 3362 §30
242 3273 344 3360 εἴτις,
368 3277 403 3360 ἐξ
418 3267 462 3345 ὧν
483 3268 577 3355 οὗτός
599 3278 668 3345 ἔστι
689 3283 801 3368 μερῶν,
824 3275 914 3344 ε’ίιτοι
936 3283 1005 3353 τοῖς
1025 3275 1226 3362 βιαζομένοις
1240 3277 1357 3362 ἐξεῖναι

146 3377 255 3464 λέγειν.
300 3383 341 3448 Ιιι
371 3383 390 3468 ξ
422 3388 461 3446 32
491 3391 599 3449 eutem
628 3384 734 3448 denuo
763 3381 851 3448 eadit
882 3383 915 3446 in
944 3383 1051 3448 looum
1082 3401 1280 3447 communem
1315 3384 1355 3447 de

146 3484 298 3564 amentio,
330 3487 409 3550 satis
436 3487 609 3550 ridiculum
638 3494 671 3551 et
698 3487 749 3551 eui
779 3486 914 3550 similem
942 3485 1064 3550 frustra
1093 3484 1180 3568 apud
1211 3492 1356 3550 oratores

146 3583 277 3652 Atticos
300 3609 447 3671 quaeras.
493 3588 646 3654 Graviter
668 3589 818 3652 admonet
839 3589 973 3668 iudices,
998 3609 1151 3672 cumpro
1173 3589 1281 3672 petria
1303 3589 1356 3655 de·

145 3685 300 3770 liberent,
331 3713 371 3756 ne
399 3700 574 3774 quaerant,
606 3713 702 3776 quem
730 3692 926 3772 dementiae,
958 3689 1015 3756 sed
1042 3712 1137 3776 quem
1165 3690 1356 3774 prudentiae

213 3873 344 3880 ..—-——

228 3995 265 4064 ’1)
283 3997 395 4052 Similes
414 3997 579 4060 sententiae,
599 3997 719 4050 similem
735 3997 765 4050 in
781 3997 896 4050 modum
910 4013 1056 4066 expressae
1074 3997 1257 4050 inveniuntur
1270 3997 1354 4050 etiem

145 4081 218 4149 opud
237 4083 361 4152 tragicos
384 4083 418 4137 es.
437 4082 504 4137 Eur.
524 4083 621 4152 Suppl.
640 4101 663 4138 v.
681 4085 741 4136 312.
776 4081 808 4138 τὸ
826 4083 938 4158 γάρτοι
958 4083 1068 4152 ξοντ’χον
1085 4077 1246 4154 ἀνθρώπων
1266 4081 1356 4140 πόλεις

143 4163 211 4221 ταῦτ’
225 4165 285 4222 ἔσθ
300 4165 369 4223 ὅταν
386 4191 426 4226 τις
443 4169 504 4228 τοὺς
522 4169 617 4239 νόμους
635 4169 709 4244 σώζῃ
720 4168 814 4234 καλῶς,
832 4177 861 4222 et
880 4169 981 4222 deinde
999 4187 1024 4222 v.
1043 4169 1126 4222 429--
1138 4169 1179 4222 39.
1216 4167 1250 4221 cs.
1270 4169 1354 4222 etism

143 4251 207 4306 Eur.
234 4253 279 4308 Fr.
298 4257 349 4308 294
372 4255 482 4322 (Diod.)
505 4259 534 4309 et
556 4258 615 4310 eut.
653 4255 739 4324 Sopb.
765 4257 833 4308 Ant.
856 4257 1015 4320 663-6763
1039 4256 1084 4308 Δί.
1106 4255 1261 4320 1073-83;
1287 4253 1355 4308 ΡίιίΙ.

141 4341 192 4394 456
215 4357 256 4410 sq.
291 4339 359 4394 Oed.
383 4341 443 4394 (lol.
466 4343 526 4397 913.
561 4339 636 4396 δίκαι’
659 4338 799 4396 ἀσκοῦσαν
816 4341 952 4397 stratonis
973 4340 1060 4398 πόλιν.
1101 4339 1265 4414 ιιᾶνιινόμον
1282 4347 1355 4416 κραί-

144 4445 246 4480 νοοσαν
264 4423 349 4482 οὐδέν.
386 4427 486 4480 Asson.
504 4427 582 4496 Sept.
602 4446 626 4482 v.
645 4429 704 4484 224.
