3102 4910
702 342 878 350 -—v————.

170 455 350 540 paullulum
383 475 523 534 errasse,
555 477 614 518 nec
647 456 798 520 aberrare
832 477 851 519 a
884 456 1048 538 proposito
1082 456 1162 518 mihi
1198 453 1321 535 videor,
1360 457 1386 518 si

171 557 364 624 sententiam
391 579 495 622 meam
523 558 635 640 paucis
662 560 875 641 comprobem.
921 557 1008 622 Nam
1037 559 1063 621 si
1092 579 1131 621 ne
1151 559 1184 625 iu
1207 553 1387 644 εἰσαγγελίᾳ

172 661 303 744 quidem
325 661 423 724 moris
449 659 524 738 fuit,
555 665 591 722 ut
619 663 798 724 accusatori
822 662 951 744 patroni
980 660 1194 739 adderentur,
1225 683 1261 725 eo
1284 661 1387 724 minus

173 770 222 828 est
237 761 400 843 credibile,
423 763 456 825 in
473 783 512 825 ea
527 763 662 840 actione,
687 783 769 845 quae
785 759 917 844 ἔνδειξις
934 764 1118 842 vocabatur,
1141 764 1207 827 tale
1224 763 1302 845 quid
1319 783 1387 828 esse

172 867 302 932 lactum.
347 865 539 930 Rectissime
563 869 670 928 autem
693 867 769 929 mihi
793 867 921 930 videtur
937 866 1178 931 Schcemannus
1203 865 1257 951 (de
1281 867 1387 929 comit.

173 969 253 1034 Ath.
270 993 300 1052 p.
317 973 389 1047 217,
413 973 445 1031 et
467 968 617 1049 antiquit.
641 967 712 1032 Att.
735 969 762 1048 I,
786 991 816 1051 p.
833 970 911 1054 419)
936 967 1106 1032 discrimen
1129 970 1280 1033 statuisse
1303 969 1388 1032 inter

174 1095 227 1137 eas
249 1073 332 1152 lites,
357 1091 440 1154 quae
461 1070 506 1134 ab
530 1077 770 1136 accusatore
794 1073 926 1154 aliquo
945 1074 1005 1156 (τῷ
1020 1067 1267 1156 εἶσαγγέλλοντι)
1285 1072 1389 1154 apud

168 1174 373 1260 populum,
397 1179 429 1237 et
451 1194 521 1253 eas,
552 1195 634 1256 quae
657 1195 677 1237 a
698 1173 847 1257 populo
874 1175 975 1256 ipso,
1005 1173 1166 1238 referente
1194 1175 1388 1256 magistratu

172 1280 222 1344 vel
245 1278 371 1362 privato
399 1277 525 1358 aliquo,
553 1275 815 1341 instituebantur.
861 1277 993 1341 Delatio
1018 1277 1104 1340 illius
1132 1277 1257 1358 generis
1286 1272 1389 1361 εἰσαγ-

174 1377 276 1466 γελία,
313 1380 409 1444 huius
442 1379 567 1461 generis
593 1377 725 1466 μήνυσις
752 1381 882 1462 proprie
910 1385 1053 1443 vocatur.
1105 1377 1230 1463 Quodsi
1259 1381 1390 1443 nomina

172 1483 335 1550 interdum
358 1487 608 1562 commutantur,
636 1503 687 1546 res
716 1483 805 1565 ipsae
833 1490 941 1547 tamen
963 1482 1057 1546 valde
1079 1484 1163 1548 inter
1186 1505 1218 1548 sc
1241 1483 1388 1548 diversae

174 1594 258 1652 sunt.
302 1585 390 1650 Nam
411 1586 442 1648 in
467 1585 614 1649 omnibus
638 1586 835 1666 actionibus,
859 1605 941 1666 quae
965 1608 985 1649 a
1007 1585 1126 1669 populo
1149 1587 1218 1669 ipso
1241 1588 1389 1651 institue·

173 1689 305 1768 bantur,
330 1694 533 1752 accusatores
562 1710 671 1753 omnes
701 1689 748 1774 (ct
774 1689 900 1770 saepius
928 1688 1060 1753 fuerunt
1082 1687 1205 1774 decern)
1230 1690 1390 1773 apopulo

175 1793 268 1858 electi
283 1781 366 1857 sunt.
397 1791 591 1873 Exemplum
606 1792 807 1874 praeclarum
825 1799 873 1856 est
889 1813 987 1856 causa
1002 1792 1190 1875 Harpalica‚
1208 1793 1390 1876 exemplum

175 1897 271 1962 ctiam
293 1897 363 1979 ipsa
378 1915 476 1959 causa
491 1895 663 1975 Hieroclis,
687 1895 726 1959 de
743 1915 808 1976 qua
829 1915 927 1978 supra
949 1896 1192 1977 disputavimus,
1217 1901 1249 1960 et
1269 1895 1391 1960 multae

175 1997 273 2078 aliae,
305 2017 386 2081 quas
415 1996 655 2063 Schoemannns
686 1999 739 2080 (de
767 1999 873 2061 comit.
898 1998 978 2062 Ath.
1010 2021 1040 2081 p.
1066 2003 1128 2061 218
1158 1999 1220 2083 sq.)
1250 1998 1390 2080 collegit.

175 2096 366 2184 Εἷσαγγελία
389 2106 495 2164 autern
516 2101 619 2182 qualis
639 2100 747 2180 fuerit,
767 2123 851 2165 nunc
871 2123 928 2165 nos
945 2123 984 2164 ex
999 2101 1176 2182 Hyperidis
1192 2102 1391 2166 orationibus

174 2227 233 2288 pro
249 2203 464 2287 Lycophrone
477 2209 509 2268 et
522 2226 581 2287 pro
597 2205 801 2286 Euxenippo,
820 2225 957 2286 quarum
973 2209 1111 2284 utraque
1127 2204 1160 2266 in
1173 2204 1392 2268 delationibus

177 2331 196 2373 a
218 2309 338 2391 populo
361 2307 403 2370 ad
424 2307 546 2371 iudices
568 2307 694 2371 reiectis
717 2307 829 2370 habita
845 2313 902 2387 est,
927 2307 1049 2388 melius,
1074 2328 1170 2388 quam
1188 2314 1294 2385 antea,
1319 2329 1392 2389 cog-

177 2431 310 2474 noscere
338 2431 516 2492 possnmns.
567 2409 680 2492 Atque
708 2410 921 2494 Euxenippus
948 2409 1133 2474 defenditur
1159 2415 1272 2473 contra
1294 2409 1392 2493 Poly-

179 2519 306 2577 euctum
332 2511 389 2576 τὸν
415 2511 589 2599 κατήγορον
617 2513 670 2597 (cf.
700 2513 758 2577 col.
791 2511 944 2592 XLVII,
978 2517 1015 2575 15
1046 2513 1107 2594 sq.)
1136 2517 1168 2575 et
1195 2511 1392 2594 Lycurgum,

177 2613 233 2682 τὸν
255 2619 549 2702 σογεασηγοροῦνσα
568 2617 619 2696 (cf.
645 2617 703 2680 col.
720 2615 858 2694 XXVI,
886 2620 923 2678 10
947 2617 1021 2698 sq),
1042 2614 1237 2697 Lycophron
1260 2635 1394 2678 causam

179 2721 258 2785 dicit
282 2724 395 2783 contra
410 2719 669 2814 Aristogitonem
686 2721 817 2801 eiusque
833 2715 1028 2804 συνηγόρους,
1045 2740 1181 2800 quorum
1200 2738 1282 2780 unus
1306 2716 1394 2780 idem

178 2822 348 2907 Lycurgus
370 2819 432 2885 luit
454 2821 509 2906 (cf.
533 2823 592 2886 col.
614 2823 681 2902 HI,
708 2828 747 2886 10
770 2845 817 2906 sq.
835 2828 867 2886 et
881 2819 961 2900 XV,
986 2826 1026 2883 20
1048 2826 1119 2902 sq).
1165 2819 1229 2885 Sed
1253 2841 1292 2883 ex
1314 2820 1392 2902 ipsis

178 2925 283 2990 verbis
299 2924 475 3007 Hyperidis
492 2925 604 3006 elucet,
627 2931 659 2990 et
673 2925 858 3010 Lycurgum
874 2926 907 2988 in
921 2925 978 2987 lite
994 2924 1178 3006 Euxenippi
1194 2927 1226 2986 et
1241 2927 1395 3004 patronos

179 3027 212 3091 in
232 3027 289 3091 lite
309 3026 533 3109 Lycophronis
556 3029 597 3092 ab
621 3027 861 3093 accusatoribus
886 3049 953 3091 esse
976 3027 1126 3090 adsaltos
1160 3025 1273 3106 Atque
1296 3025 1395 3088 etiam

180 3152 200 3195 a
225 3131 296 3194 loco
326 3131 556 3194 Demosthenis
586 3129 744 3214 (XVIII,
778 3130 868 3213 250),
901 3151 964 3212 qno
994 3129 1071 3192 dicit
1100 3151 1133 3194 se
1163 3129 1291 3210 saepius
1319 3135 1395 3210 post

179 3255 320 3316 pugnam
344 3231 604 3298 Chaeronensem
626 3257 685 3317 per
706 3229 904 3317 εἰσαγγελίαν
926 3234 959 3296 in
981 3234 1030 3295 ius
1052 3253 1120 3296 esse
1143 3237 1306 3310 vocatum,
1336 3232 1395 3295 sed

180 3357 219 3399 ne
248 3337 394 3418 quintam
424 3338 554 3418 quidem
580 3345 706 3420 partem
735 3337 962 3418 suffragiorum
991 3341 1195 3399 accusatores
1224 3335 1394 3416 accepisse,

179 3439 275 3521 plane
302 3439 442 3502 alienum
472 3447 520 3504 cst
548 3440 587 3504 dc
609 3443 757 3524 patronis
786 3441 928 3523 cogitare
961 3461 981 3501 a
1007 3437 1125 3520 populo
1152 3437 1271 3500 electis.
1323 3436 1395 3501 Nec

179 3541 281 3624 magis
307 3542 340 3604 in
367 3541 510 3625 Lycurgi
537 3543 718 3608 Leocratca
745 3545 913 3626 vestigium
946 3548 994 3605 est
1026 3541 1141 3604 talium
1173 3546 1394 3622 patronorum.

180 3639 314 3707 Ceteras
342 3641 536 3725 delationes,
565 3668 647 3728 quae
676 3647 870 3726 afferuntur,
905 3645 965 3710 hoc
994 3645 1065 3707 loco
1093 3643 1222 3722 omitto,
1252 3663 1323 3706 cum
1352 3643 1394 3706 ad

179 3745 264 3809 hanc
284 3748 506 3827 quaestionem
529 3749 714 3814 solvendam
731 3749 811 3812 nihil
828 3772 866 3813 ex
882 3749 921 3813 iis
936 3749 1055 3813 lucrari
1072 3745 1221 3829 possimis
1239 3744 1395 3828 (Collegit

179 3848 348 3930 plerasque
372 3849 624 3915 Schoemannus.
662 3853 714 3916 De
737 3853 843 3916 comit.
866 3873 897 3934 p.
925 3854 985 3914 180
1009 3853 1079 3929 sql.
1125 3847 1259 3912 Nullum
1284 3853 1394 3912 autem

178 3950 284 4014 locum
310 3951 430 4030 inveni,
460 3953 516 4034 qui
545 3956 723 4019 sententiae
752 3975 842 4019 meae
870 3957 1078 4038 repugnaret.
1122 3949 1208 4015 Nam
1235 3951 1275 4014 lis
1298 3949 1395 4013 Anti-

179 4053 318 4138 phontis,
350 4075 447 4134 quam
474 4061 507 4119 ct
536 4055 781 4124 Schoemannus
812 4059 844 4137 (l.
873 4057 894 4122 l.
919 4082 949 4143 p.
972 4055 1050 4138 203)
1082 4055 1165 4118 inter
1197 4049 1395 4138 εἰσαγγελίας

179 4213 379 4222 —--..-——.-.

179 4316 267 4368 lucem
287 4310 412 4380 prolatas
431 4309 581 4380 accipere).
618 4313 665 4364 Gr.
680 4313 857 4366 Altcrtiimer
876 4314 931 4376 (ed.
944 4310 1002 4379 Ill)
1020 4309 1043 4373 1,
1062 4310 1121 4374 419,
1139 4309 1168 4362 O.
1182 4307 1226 4360 Fr.
1239 4306 1393 4362 Hermann.

180 4399 283 4456 Lehrb.
307 4397 332 4450 d.
357 4411 399 4464 gr.
424 4394 614 4452 Staatsaltert.
639 4416 665 4467 p.
690 4401 748 4464 252,
774 4399 893 4462 Gilhert,
918 4397 1030 4452 Handh.
1055 4395 1080 4447 d.
1105 4412 1146 4464 gr.
1170 4391 1394 4447 Staatsaltert.I

178 4507 205 4559 p.
224 4489 282 4541 292.
