3102 4910
191 455 350 550 increpuit
364 487 428 547 eos,
452 464 508 547 qui
524 463 563 529 de
579 467 744 549 genuitate
760 467 999 552 dubitaverant,
1020 471 1177 548 tanquam
1194 465 1406 549 ‘eloquentiae

191 577 342 634 naturam
363 569 571 652 ignorantes'.
605 570 750 634 Putabat
765 576 883 650 autem,
906 569 1042 634 alteram
1066 569 1220 633 adversus
1243 570 1405 653 Aristogi-

190 680 299 737 tonem
321 673 500 737 orationem
515 694 587 736 cum
610 673 717 755 priore
739 673 772 736 in
789 695 888 736 unam
904 694 973 736 esse
992 673 1250 755 coniungendam
1273 679 1305 737 et
1320 674 1407 737 hanc

190 775 351 858 Hyperidi
378 796 447 839 esse
474 775 708 840 ascribendam.
754 775 851 859 Quod
879 797 989 840 verum
1023 795 1091 839 esse
1125 776 1245 839 nemini
1273 777 1406 858 quidem

190 878 359 960 persuasit,
383 879 522 961 priorem
545 900 619 942 vero
635 879 813 942 orationem
828 879 1006 961 Hyperidis
1022 900 1090 943 esse
1106 877 1282 963 Oobetus⁶)
1305 881 1406 944 etiam

107 971 110 978 ’
190 1002 275 1044 nunc
297 987 386 1044 tenet
409 986 500 1044 tanto
523 1002 596 1044 cum
618 980 743 1061 ardore,
767 988 804 1044 ut
826 1003 919 1045 omne
942 981 1008 1045 fere
1030 981 1185 1045 iudicium
1208 981 1344 1064 abroget
1364 983 1405 1045 iis

191 1085 247 1167 qui
281 1084 376 1148 aliter
409 1091 571 1148 censeant.
617 1084 709 1148 Inter
742 1085 999 1167 praeclarissima
1032 1085 1236 1167 eloquentiae
1269 1086 1405 1150 Atticae

190 1192 398 1250 monumenta
433 1186 631 1272 Brauniusl)
666 1209 795 1268 quoque
824 1208 896 1250 eam
923 1189 1118 1267 numeravit,
1149 1189 1204 1269 qui
1235 1209 1308 1252 oum
1336 1189 1405 1252 eius

190 1289 318 1354 dicendi
347 1311 447 1371 genus
479 1289 652 1373 diligenter
680 1291 892 1369 examinaret,
927 1290 1030 1354 multa
1056 1290 1237 1373 indagavit,
1272 1311 1355 1373 quae
1384 1314 1405 1353 a

190 1391 420 1457 Demosthenis
443 1391 590 1472 dictione,
614 1393 671 1456 sed
693 1393 792 1472 nulla,
816 1413 899 1474 quae
914 1414 934 1456 a
947 1392 1018 1456 foro
1034 1393 1146 1456 Attico
1162 1393 1269 1457 aliena
1285 1399 1402 1458 essent.

189 1495 360 1560 Postremo
397 1516 471 1559 vero
509 1493 680 1581 Weilius⁸)
723 1516 816 1558 omne
859 1516 994 1558 acumen
1030 1495 1150 1578 ingenii
1186 1496 1324 1560 contulit
1361 1496 1404 1560 ad

189 1599 369 1662 orationem
401 1619 512 1661 rursus
545 1597 758 1661 Demostheni
790 1597 1025 1661 vindicandam.
1085 1598 1148 1662 Est
1181 1604 1289 1663 autem
1323 1599 1405 1664 haec

190 1701 337 1784 quaestio
360 1721 397 1763 eo
419 1700 550 1763 maioris
573 1702 736 1780 momenti,
761 1721 833 1763 cum
855 1700 1035 1782 permultae
1058 1701 1090 1764 in
1114 1702 1259 1766 oratioue
1280 1724 1333 1766 res
1355 1703 1402 1765 in-

189 1804 254 1866 sint
282 1802 325 1865 ad
346 1803 395 1866 ius
416 1801 568 1866 Atticum
590 1804 804 1885 pertinentes,
834 1824 918 1884 quae
941 1825 1017 1866 num
1040 1823 1133 1867 verae
1156 1804 1235 1884 sint,
1265 1805 1403 1870 maxime

188 1906 288 1970 refert
314 1905 404 1969 scire.
448 1905 566 1988 Itaque
596 1928 660 1969 non
688 1906 845 1989 putabam
873 1927 923 1970 me
950 1913 1024 1970 acta
1051 1913 1213 1987 acturum,
1243 1907 1269 1969 si
1297 1906 1402 1972 denuo

188 2009 411 2091 quaestionem
438 2013 623 2072 tractarem.
671 2007 773 2091 Spero
803 2015 911 2073 autem
941 2009 1002 2073 hoc
1028 2030 1079 2073 me
1101 2011 1300 2092 argumentis
1323 2013 1403 2076 satis

186 2110 285 2174 firmis
307 2131 401 2193 posse
425 2109 662 2192 demonstrare,
694 2113 874 2176 orationem
897 2132 962 2174 non
990 2112 1031 2176 ab
1062 2119 1191 2176 oratore
1222 2135 1327 2196 noque
1360 2114 1402 2178 ab

187 2214 316 2278 homine
349 2211 478 2294 Attice,
509 2213 566 2277 sed
596 2235 616 2278 a
645 2213 776 2278 rhetore
803 2219 901 2296 atque
930 2234 967 2278 eo
997 2213 1196 2295 ineptissimo
1223 2237 1291 2279 esse
1319 2237 1404 2281 com·

186 2316 333 2400 positam.
378 2314 506 2380 Deinde
536 2316 633 2379 etiam
662 2315 701 2380 de
732 2317 878 2396 consilio,
910 2337 974 2399 quo
998 2314 1074 2380 ficta
1103 2317 1157 2396 sit,
1189 2317 1229 2382 de
1256 2324 1403 2401 tempore

187 2418 331 2501 locoque,
355 2439 420 2500 quo
443 2424 555 2483 auctor
577 2419 702 2499 vixerit,
727 2420 806 2503 quid
828 2420 976 2498 sentiam,
1000 2439 1166 2500 exponam.

274 2673 298 2741 6)
316 2671 412 2725 Novae
430 2673 496 2726 lect.
515 2689 542 2740 p.
561 2673 620 2738 225,
640 2675 669 2724 et
686 2672 867 2725 Miscellanea
884 2672 981 2725 critica
999 2690 1025 2740 p.
1044 2674 1095 2725 559
1114 2691 1154 2741 sq.

275 2759 296 2828 7)
316 2759 360 2813 De
385 2758 492 2810 duabus
521 2758 582 2811 adv.
605 2760 655 2812 Ar.
679 2759 867 2824 orationibus,
893 2776 962 2826 quas
980 2758 1015 2812 D.
1038 2761 1184 2828 scripsisse
1207 2761 1305 2814 fertur.
1335 2762 1402 2816 diss.

187 2845 417 2912 Gryphiswaldae
437 2846 511 2898 1873.

272 2932 295 3000 ⁸)
313 2931 410 2985 Revue
430 2931 464 2984 de
482 2931 636 3000 philologio
655 2931 709 2984 vol.
732 2931 773 2984 VI
791 2949 817 3000 p.
839 2933 851 2984 l
872 2948 912 2998 sq.
