3102 4910
690 241 891 336 ,2.-

181 442 245 504 τοῖν
266 437 371 521 νόμιον
392 436 504 506 δίκαια
519 435 640 527 ἰσχυρά.
684 440 813 506 Deinde
828 439 953 525 profert
968 441 1162 506 sententiam
1177 440 1269 504 valde
1285 439 1399 505 tritam

183 543 270 626 apud
293 549 438 607 oratores
460 542 605 622 Atticos,
627 543 749 608 iudices
769 545 857 627 ipsos
879 543 962 608 bene
983 545 1065 608 scire
1087 563 1235 622 causam,
1267 541 1307 605 de
1330 563 1398 624 qua

183 644 351 727 agatur.¹l)
397 643 489 728 Quae
517 645 544 708 si
571 667 635 710 non
662 647 838 729 expressim
868 646 887 733 ξ
919 651 933 710 l
967 651 1000 711 et
1029 651 1047 710 2
1077 645 1164 711 dicta
1187 653 1254 724 est,
1287 651 1398 709 tamen

181 748 262 812 latet
283 748 316 810 in
338 747 444 812 verbis
467 753 486 828 ξ
510 753 528 811 2
550 744 720 833 κεκρίσθαι
741 745 777 813 δὲ
799 752 894 814 τοῦτο
916 745 953 814 τὸ
978 751 1112 833 πράημα
1135 745 1240 814 πάλαι
1255 742 1324 812 άπὸ
1342 749 1399 834 τῆς

180 846 319 914 ἑκάστου
341 847 469 936 φάσεως
491 845 629 915 οἴκοθεν.
672 852 791 936 Itaque
814 853 841 916 si
864 851 882 938 ξ
906 855 988 915 3-5
1011 852 1108 936 plane
1129 851 1293 931 deessent,
1316 849 1398 939 nihil

184 975 243 1018 nos
266 953 533 1018 desideraremus.

266 1055 488 1139 Paragrephis
522 1055 729 1138 sequentibus
759 1055 793 1144 (ξ
824 1055 950 1142 6-12)
982 1057 1168 1140 exponitur,
1199 1055 1337 1135 iudices,
1372 1055 1399 1120 si

182 1157 351 1222 absolvant
373 1179 473 1238 reum,
498 1163 530 1222 et
550 1179 585 1223 ss
605 1159 692 1241 ipsos
715 1165 747 1223 et
768 1165 871 1224 totam
893 1155 1056 1224 civitatem
1072 1159 1247 1242 ignominia
1262 1157 1397 1241 adsper-

183 1283 285 1326 suros.
324 1261 510 1327 Sententiae
526 1266 718 1345 congruunt,
735 1262 822 1345 quod
837 1262 903 1326 iam
918 1261 1040 1326 dudum
1056 1263 1116 1326 viri
1132 1262 1220 1326 docti
1235 1259 1395 1339 viderunt,

184 1385 256 1428 oum
269 1364 346 1428 locis
362 1363 524 1428 nonnullis
540 1363 697 1430 Dinarchi
713 1363 752 1429 of.
770 1370 799 1445 2,
815 1368 837 1430 4
859 1371 892 1430 et
911 1369 959 1428 19.
1004 1363 1044 1428 Id
1067 1370 1177 1429 tumen
1199 1365 1342 1443 interest,
1360 1369 1397 1428 ut

183 1488 221 1530 ea
244 1487 326 1548 quae
353 1465 540 1531 Dinarchus
562 1467 705 1532 breviter
732 1467 822 1547 dicit,
846 1467 879 1531 in
902 1467 964 1532 hac
991 1467 1137 1531 oratioue
1164 1467 1266 1532 multo
1294 1467 1397 1531 fusius

183 1589 241 1633 neo
262 1570 330 1632 sinc
352 1569 520 1634 inutilibus
548 1570 748 1653 ambagibus,
781 1570 991 1653 explicantur.
1036 1569 1075 1634 cf.
1098 1569 1166 1634 Din
1189 1575 1224 1651 2,
1250 1573 1288 1634 19
1309 1567 1397 1634 ὥστε

181 1668 219 1736 τὸ
243 1669 401 1749 πολλάκις
420 1667 585 1756 λεγόμενον
606 1667 726 1760 ἀληθὲς
752 1668 857 1738 εἰπεῖν
885 1670 980 1752 ἐστιν,
1010 1669 1062 1738 ὅτι
1093 1669 1169 1758 περὶ
1196 1669 1254 1755 μὲν
1275 1669 1393 1736 τούτου
1487 1705 1490 1712 ·

181 1771 238 1862 τὴν
257 1771 368 1862 ψῆφον
388 1770 477 1856 ὑμεῖς
490 1772 619 1857 μέλλετε
633 1772 749 1861 φέρειν,
772 1773 847 1861 περὶ
868 1770 896 1838 δ
920 1771 1008 1857 ὑμῶν
1030 1769 1060 1840 οῖ
1077 1771 1321 1861 περιεστηκότες
1337 1771 1393 1839 καί

183 1871 214 1940 οῖ
243 1871 335 1941 άλλοι
362 1871 482 1953 πάντες
503 1899 575 1960 oum
604 1878 698 1943 Dem.
726 1881 777 1958 25,
808 1883 896 1943 6-.-7
920 1885 952 1943 et
974 1883 1022 1942 12.
1067 1876 1168 1960 Apud
1195 1877 1397 1944 Dinarchum

186 2001 283 2044 unam
305 1980 473 2063 periodum
495 1981 630 2065 legimus
656 1981 704 2045 ita
730 1980 917 2059 formatam,
947 1987 985 2046 ut
1013 1981 1077 2045 duo
1107 1981 1275 2044 enuntiata
1297 1980 1397 2064 hypo-

183 2082 307 2147 thetica
329 2083 413 2147 inter
434 2105 467 2147 se
489 2089 703 2166 opponantur.
747 2082 786 2146 of.
803 2084 879 2148 Diu.
903 2088 932 2164 2,
956 2089 985 2148 4.
1009 2078 1038 2147 εἰ
1059 2080 1117 2165 μὲν
1141 2071 1196 2146 οὖν
1217 2079 1394 2170 ἐγγενήσεσ-

185 2191 248 2249 θαι
269 2183 427 2268 βούλεσθε
446 2183 638 2250 δευσοποιὸν
659 2183 693 2248 ἒν
713 2188 753 2273 τῇ
769 2182 864 2251 πόλει
886 2182 1050 2272 πονηρίαν,
1073 2177 1302 2272 διαφυλάττειν
1314 2180 1399 2267 ὑμᾶς

182 2282 436 2373 Ἀριστογείτονα
465 2287 514 2352 δεῖ
543 2287 600 2353 καί
631 2286 686 2353 δεῖν
714 2285 746 2368 δ’,
770 2312 802 2353 τι
833 2283 872 2353 div
898 2286 1050 2376 βούληται
1078 2286 1111 2352 ἐν
1139 2290 1180 2375 τῇ
1202 2284 1298 2352 πόλει
1329 2286 1397 2352 δια-

187 2389 406 2475 πράττεσθαι·
435 2385 463 2454 εἰ
488 2388 524 2455 δὲ
544 2389 618 2467 τοὺς
641 2389 798 2479 πονηροὺς
818 2390 874 2456 καί
899 2389 1098 2477 καταράτους
1125 2385 1321 2476 ἀνθρώπους
1346 2415 1396 2473 μι-

185 2497 279 2572 σεῖτε,
298 2532 350 2572 -,
368 2488 575 2558 ἀποκτείνετε
588 2497 702 2558 τοῦτον
715 2488 835 2580 mun)
872 2496 912 2559 In
928 2495 989 2560 hae
1006 2497 1152 2560 oratione
1167 2499 1234 2559 tres
1245 2493 1397 2578 periodos

187 2597 306 2662 similes
325 2597 493 2677 habemus,
523 2617 606 2678 quae
634 2618 744 2661 omnes
773 2596 903 2661 easdem
930 2597 997 2662 fere
1019 2598 1197 2662 sententias
1219 2597 1395 2661 continent.

186 2699 298 2763 Prima
321 2700 481 2783 legitum}
511 2704 540 2778 2,
570 2699 699 2764 concisa
725 2705 757 2763 et
779 2699 884 2764 brevis
907 2697 963 2764 καί
985 2696 1050 2764 νονί
1073 2694 1102 2764 εἰ
1123 2695 1182 2782 μίν
1203 2693 1283 2764 εἰσιν
1308 2693 1397 2781 ὑμῶν

183 2797 212 2865 oi
230 2798 360 2877 πλείους
383 2796 461 2882 κτά,
485 2801 666 2866 alteratam
689 2803 878 2888 excrescit§
901 2807 920 2866 6
943 2797 972 2867 εἰ
985 2799 1043 2884 μὲν
1058 2799 1118 2886 γὰρ
1138 2795 1330 2890 ὀφθήσεσθε
1352 2839 1395 2852 -

181 2903 411 2990 παιδοτριβεῖν,
440 2904 539 2968 tertia
560 2924 687 2968 omnem
708 2904 775 2970 fere
797 2905 928 2970 modum
951 2891 1077 2970 excedit
1099 2903 1118 2992 ἓ
1144 2909 1182 2969 10
1205 2925 1252 2988 sq.
1276 2899 1305 2969 ri
1328 2903 1390 2987 μὲν

185 2996 241 3070 οὖν
262 3001 351 3090 ὑμεῖς
372 3009 476 3070 ταῦτα
496 3003 654 3088 βούλεσθε
683 3043 724 3054 -
751 3005 807 3071 καὶ
834 3011 890 3096 τῆς
917 3004 1129 3094 πατρίδοςδῑ)
1172 3008 1244 3072 Iem
1265 3027 1341 3073 vero
1364 3009 1397 3072 in

118 3175 127 3196 1
182 3108 201 3196 ξ
224 3114 243 3172 9
265 3110 415 3192 legimus:
443 3106 499 3173 καί
519 3105 646 3183 τούτοις
666 3111 735 3186 τοῖς
757 3105 898 3196 αἰσχροῖς
924 3106 1080 3176 ἁπάντων
1107 3113 1172 3173 ταῖν
1191 3113 1247 3197 τῆς
1269 3106 1397 3187 πόλεως

182 3213 288 3277 καλῶν
310 3209 458 3299 περίεισι,
479 3216 544 3278 τῶν
564 3206 679 3294 νόμων,
702 3217 767 3278 ταῖν
788 3211 963 3301 προέδρων,
985 3218 1044 3279 τοῦ
1059 3208 1318 3299 προγράμματος,
1338 3217 1396 3304 τῆς

181 3389 383 3397 -----

264 3503 298 3568 ¹⁹)
316 3503 445 3560 Eundem
463 3506 493 3558 in
511 3507 626 3560 modum
644 3506 697 3560 hac
715 3507 856 3562 sententis
873 3524 940 3560 usus
959 3510 1003 3560 est
1018 3505 1117 3574 Lysias
1139 3508 1182 3570 22,
1200 3507 1241 3558 22.
1276 3500 1323 3558 oba
1341 3501 1391 3558 οἷδ’

182 3587 233 3652 duc
253 3589 295 3644 δεῖ
310 3590 393 3646 πλείω
411 3591 503 3666 λέγειν.
522 3600 582 3666 περὶ
600 3597 650 3660 μὲν
667 3592 720 3666 γὰρ
737 3591 795 3646 τῶν
812 3589 901 3646 ἄλλων
917 3590 974 3646 τῶν
990 3588 1157 3645 ἀδικούντων
1173 3588 1218 3645 ὅτε
1232 3589 1396 3656 δικάζονται,

183 3675 223 3730 δεῖ
234 3677 308 3752 παρὰ
321 3675 378 3732 τῶν
396 3678 552 3752 κατηγόρων
570 3681 724 3744 πυθέσθαι,
743 3677 793 3748 τὴν
807 3677 837 3734 δὲ
850 3679 946 3733 τούτου
957 3684 1088 3747 πονηρίαν
1100 3675 1218 3734 ἅπαντας
1230 3679 1395 3730 ἐπίστασθε.

259 3763 1394 3833 Ἣάώωωωάώπωῌ2ωώμΠὼὼπῊλῆΜ,

185 3849 286 3914 ffissd

257 3936 293 4004 ⁹¹)
313 3937 359 3990 Ad
376 3935 542 4004 παριδόντας
559 3935 595 4005 μή
614 3935 793 3990 desideratur
811 3936 845 3991 of.
870 3935 947 3990 Dum.
969 3937 1016 3998 21,
1043 3937 1092 3988 124
1110 3931 1140 3988 οὗ
1159 3933 1192 4002 δὴ
1212 3932 1253 3988 δεῖ
1269 3931 1395 4002 παρορᾶν

181 4020 216 4074 τὰ
237 4021 349 4077 τοιαῦτα
367 4026 395 4076 ct
413 4025 465 4076 220
489 4020 564 4093 (χρὴ)
586 4019 622 4089 μὴ
647 4019 772 4095 παρορᾶν
790 4019 823 4076 td
851 4019 964 4076 τοιαῖιτα
990 4021 1024 4074 cf.
1048 4019 1133 4074 etium
1156 4019 1284 4074 Prooem.
1303 4020 1346 4086 42,
1364 4022 1392 4086 2,

181 4106 273 4176 Epist.
291 4110 315 4173 3,
336 4110 358 4174 l,
378 4113 406 4162 et
424 4109 505 4162 huius
523 4106 660 4160 orationis
684 4107 700 4177 ξ
722 4109 756 4158 29
774 4103 845 4161 ταῦτ’
870 4104 931 4160 οίιδὲ
949 4103 1053 4162 καθ’δν
1070 4105 1198 4176 προσήκει
1216 4103 1342 4175 παριδεῖν
1360 4111 1389 4158 et

183 4210 265 4247 sensu
284 4196 424 4248 contrario
443 4195 459 4266 ξ
477 4198 511 4250 42
529 4193 622 4249 πάντα
640 4191 728 4246 ταῦτα
745 4191 918 4267 παριδόντας.
953 4191 1034 4245 Licet
1050 4195 1142 4246 πάντα
1161 4188 1321 4245 τὰτοιαῦτα
1339 4192 1394 4260 atq

181 4275 1393 4353 mfflmwmmmmfflmfflmmmffmmmmmmmm

181 4367 255 4421 hunc
274 4367 374 4433 locum,
393 4383 456 4420 cum
475 4384 565 4422 mores
585 4364 633 4436 qui
652 4363 808 4419 efferuntur
824 4365 1063 4435 sycophantarum
1080 4365 1137 4418 sint
1149 4381 1181 4418 ac
1198 4381 1255 4417 non
1268 4364 1392 4418 iudicum

179 4452 215 4507 cl.
234 4453 250 4525 ᾖ
268 4455 285 4506 8
303 4457 331 4506 et
348 4455 372 4506 9.
