3102 4910
741 237 781 298 25

159 441 310 526 13-14).
353 440 453 505 Initio
486 439 565 504 dicit
591 445 720 520 auctor,
749 463 783 507 se
811 441 938 518 mirari,
974 437 1060 521 quod
1088 437 1272 520 Lycurgus,
1300 457 1373 500 cum

155 544 274 608 ceteris
296 542 452 608 derebus
475 543 596 626 optime
619 542 815 626 disseruerit,
839 544 873 609 id
895 564 994 608 unum
1017 562 1082 604 non
1104 539 1231 619 viderit,
1254 539 1373 602 nonin

155 645 361 710 orationibus
391 652 616 711 accusatorum
641 648 805 712 cardinem
838 647 933 711 huius
961 643 1096 710 actionis
1124 663 1193 706 esse
1221 641 1371 724 positum,

154 749 217 814 sed
239 749 271 813 in
292 749 361 815 sola
382 748 524 814 iudicum
552 750 711 832 opinione.
764 749 903 834 Saepius
933 746 1170 814 Demosthenes
1196 745 1229 808 in
1253 745 1372 808 oratio·

155 852 253 916 nibus
282 852 501 917 deliberativis
528 853 656 916 initium
685 855 771 936 cepit
803 876 823 918 a
851 851 1018 918 sententiis
1051 870 1175 926 eorum,
1208 847 1264 929 qui
1297 853 1372 911 ante

155 977 231 1019 eum
256 955 353 1019 verba
374 955 518 1020 fecerant
545 955 585 1019 cf.
608 958 636 1034 3,
663 960 694 1036 1;
722 961 751 1036 6,
778 961 810 1035 l,
842 961 872 1036 8,
905 957 1010 1034 1-4,
1044 951 1217 1036 praecipue
1245 949 1371 1014 initium

155 1055 180 1142 ξ
207 1060 240 1120 4:
294 1055 408 1122 Πολλὰ
433 1055 468 1122 δὲ
500 1053 676 1140 θαυμάζων
707 1061 772 1122 τῶν
802 1053 969 1122 εἰωθότων
998 1052 1150 1140 λέγεσθαι
1180 1051 1257 1136 παρ’
1288 1046 1372 1133 ὑμῖν,

156 1153 283 1236 οὐδενὸς
307 1149 415 1249 ἧττον,
444 1150 471 1224 ὦ
499 1155 609 1248 ἄνδρες
634 1156 818 1248 Ἀθηναῖοι,
841 1158 1035 1242 τεθαύμακα
1062 1151 1133 1221 aad.
1180 1156 1319 1219 Prooem
1343 1159 1372 1235 9,

159 1267 212 1344 28,
244 1267 293 1343 32,
327 1268 378 1328 35.
424 1264 564 1346 Propius
595 1265 692 1328 etiam
723 1264 849 1329 accedit
881 1263 924 1328 ad
958 1261 1057 1326 verba
1089 1260 1184 1324 huius
1217 1259 1373 1324 orationis

156 1364 322 1448 locusqui
345 1367 449 1431 estin
472 1368 663 1432 transitione
686 1368 779 1432 Dem.
804 1371 854 1430 20.
881 1369 950 1430 143.
994 1361 1109 1428 Πολλὰ
1134 1359 1169 1426 δὲ
1198 1358 1375 1448 θαομάζων

160 1465 329 1534 Λεπτίνου
358 1466 443 1534 κατὰ
476 1467 533 1535 τὸν
560 1467 656 1552 νόμον
688 1464 722 1534 ἓν
759 1467 901 1553 μάλιστα
934 1465 1129 1548 τεθαύμακα
1164 1461 1312 1543 πάντων,
1345 1457 1373 1526 εἰ

159 1567 258 1635 ἐκεῖνο
284 1567 446 1660 ἠγνόηκεν,
476 1570 527 1639 ὅτι
555 1567 627 1638 und.
677 1573 834 1640 Videmus
863 1572 1019 1637 orationis
1047 1568 1214 1634 exordium
1242 1567 1373 1648 vulgare

159 1681 192 1737 et
210 1673 359 1758 frequens
382 1697 451 1741 esse
473 1676 560 1760 apud
584 1683 728 1741 oratores
744 1677 885 1742 Atticos.
932 1674 997 1740 Sed
1019 1673 1180 1738 sententia
1203 1691 1279 1734 uum
1295 1675 1374 1751 apta

158 1779 209 1856 sit,
230 1777 353 1844 dubito.
389 1779 475 1844 Nam
491 1785 612 1860 auctor,
637 1781 691 1862 qui
713 1779 901 1862 Lycurgum
926 1779 1082 1843 adiuvare
1105 1775 1277 1852 uult,·cum
1292 1773 1373 1836 vitu·

157 1887 248 1964 peret
273 1903 360 1962 eum,
396 1882 484 1965 quod
512 1882 611 1947 verba
637 1882 766 1946 inutilia
794 1881 908 1946 fecerit
944 1881 997 1964 (cf.
1028 1875 1110 1964 ὁρῶν
1138 1870 1374 1960 ὖπερόιατεινό·

156 1985 262 2071 μενον)
285 1991 385 2068 atque
407 1986 441 2051 id
462 1985 549 2067 quod
565 2007 724 2050 summum
746 1985 837 2048 sitin
852 1985 914 2048 hac
929 1984 995 2048 lite.
1019 1983 1148 2046 omnino
1164 2001 1228 2044 uon
1247 1979 1373 2057 viderit,

158 2087 302 2152 funditus
325 2087 413 2152 delet
435 2110 475 2153 ex
503 2090 617 2153 animis
645 2088 796 2167 iudicum,
821 2087 978 2169 quidquid
1002 2085 1143 2169 Lycurgi
1166 2085 1271 2149 oratic
1301 2105 1375 2166 pro-

156 2191 286 2254 iecerat.
332 2190 411 2254 Alia
439 2191 571 2256 offensio
600 2192 684 2256 inest
709 2191 744 2254 in
772 2190 878 2254 verbis
906 2189 925 2276 ξ
956 2195 984 2253 3.
1029 2187 1085 2253 καὶ
1108 2183 1198 2271 ἔμεγ’
1228 2180 1373 2267 ὑπολαμ-

154 2290 243 2376 βάνω
264 2291 321 2381 τὴν
341 2291 401 2375 μὲν
421 2289 613 2382 κατηγορίαν
633 2291 688 2358 καὶ
708 2291 745 2358 τὸ
767 2296 832 2356 τῶν
850 2291 953 2376 λόγων
973 2293 1102 2378 πλῆθος
1123 2285 1243 2365 ἔθους
1264 2282 1396 2354 ἕνεκα

155 2393 211 2459 καὶ
246 2399 312 2484 τῆς
346 2391 534 2482 ὑμετέρας
563 2390 788 2482 ἀκροάσεως
824 2395 890 2460 δεῖν
919 2393 1136 2482 ποιήσασθαι.
1180 2393 1375 2460 Sohaelerus

156 2498 341 2580 explicarit:
387 2500 485 2564 verba
507 2499 576 2566 fieri
599 2499 732 2579 debent,
755 2501 832 2582 quia
852 2500 899 2564 ita
921 2497 1120 2563 consuetudo
1149 2496 1253 2580 poscit
1275 2503 1375 2580 utque

157 2621 213 2666 vos
237 2601 388 2667 audiatis.
433 2603 498 2669 Sed
521 2625 579 2668 cur
602 2603 747 2683 audiant,
770 2603 825 2685 qui
847 2603 911 2686 ipsi
932 2600 1058 2666 sciunt?
1102 2599 1157 2666 Sic
1175 2601 1283 2684 potius
1307 2621 1376 2665 sen·

157 2704 258 2768 tentia
278 2705 387 2787 potuit
409 2708 558 2790 exprimi:
596 2708 682 2789 ‘quia
709 2705 907 2770 consuetudo
931 2705 1052 2788 poscit,
1076 2711 1189 2768 utros
1212 2703 1374 2767 orationes

157 2813 380 2872 accusatorum
400 2809 563 2875 audiatis!
606 2809 718 2876 Verba
740 2815 864 2888 autem,
893 2829 977 2891 quae
1008 2815 1140 2889 extant,
1171 2808 1278 2888 inepte
1301 2811 1377 2869 sunt

157 2907 260 2974 dicta·
301 2959 305 2966 .

243 3010 362 3076 Altera
385 3033 463 3095 pars
486 3013 610 3078 exordii
631 3013 746 3096 incipit
767 3013 872 3078 verbis
895 3013 914 3098 ᾗ
937 3018 972 3076 3:
1009 3009 1173 3075 Πολλῶν
1194 3007 1230 3074 δὲ
1252 3006 1377 3094 λόγων

158 3107 376 3202 εἰρημένων
397 3113 453 3179 καὶ
478 3113 638 3180 πάντων
661 3116 802 3194 καλῶς,
833 3109 891 3179 οὐκ
913 3109 1038 3202 ὀκνήσειν
1061 3110 1144 3200 πρὸς
1166 3108 1248 3195 ὑμᾶς
1269 3107 1375 3176 εἰπεῖν

159 3211 228 3302 ‹ty'
252 3213 324 3298 ἐμοὶ
347 3213 508 3304 φαίνεται.
559 3219 654 3284 Haec
682 3239 810 3301 quoque
838 3219 979 3282 formula
1008 3219 1086 3282 satis
1114 3217 1235 3282 usitata
1266 3221 1315 3280 est
1342 3216 1375 3280 in

162 3319 291 3384 exordio
315 3321 381 3384 sive
403 3323 604 3387 transitione.
650 3321 688 3386 cf.
711 3322 806 3387 Dem.
830 3325 859 3402 3,
882 3325 918 3401 43
946 3325 975 3400 9,
1002 3326 1029 3386 l.
1074 3320 1222 3384 Prooem.
1246 3323 1275 3382 6.
1298 3318 1375 3382 Diu.

162 3425 187 3498 1,
213 3425 240 3486 1.
287 3421 352 3487 Sed
381 3423 443 3487 hoc
472 3423 557 3506 loco,
586 3446 658 3488 oum
687 3426 796 3490 verba·
814 3422 1057 3510 praecedant§
1089 3427 1105 3487 1
1136 3419 1178 3486 τὰ
1206 3417 1265 3502 μὲν
1294 3413 1376 3484 ἄλλα

158 3525 264 3601 καλῶς
292 3519 391 3591 αι’«τὸν
420 3521 557 3616 ἡγούμην
582 3525 697 3611 λέγειν,
727 3528 789 3592 hoc
815 3549 932 3592 novum
960 3525 1159 3610 prooemium
1184 3523 1298 3588 inutile
1326 3523 1376 3586 vel

159 3629 265 3710 potius
289 3627 466 3694 absurdum
488 3637 545 3696 est.
589 3629 662 3696 Iam
675 3653 750 3696 vcro
765 3632 942 3695 sententias
963 3651 1045 3714 quae
1062 3633 1242 3712 sequuntur
1256 3625 1275 3714 ξ
1292 3630 1375 3690 3-5

158 3731 184 3794 si
214 3731 247 3794 in
276 3752 374 3796 unam
402 3734 660 3816 complectimur,
689 3733 803 3798 eadem
829 3739 879 3800 est
905 3754 989 3817 quae
1018 3733 1082 3796 iam
1115 3731 1223 3816 priore
1245 3728 1377 3794 exordio

159 3833 350 3914 continetur,
374 3835 462 3900 haud
489 3836 537 3900 ita
566 3837 674 3918 magni
698 3839 852 3902 momenti
882 3859 950 3902 esse
981 3837 1013 3901 in
1043 3835 1105 3900 hac
1130 3834 1187 3898 lite
1216 3831 1378 3898 orationes

162 3943 395 4002 accusatorum.
440 3938 566 4024 Nempe
595 3939 705 4022 paullo
736 3939 831 4004 aliter
859 3960 1014 4024 expressa
1036 3943 1094 4003 cst.
1138 3935 1226 4002 Nam
1248 3955 1321 3998 cum
1344 3935 1377 3998 in

158 4037 177 4128 ξ
203 4043 219 4103 l
242 4061 263 4104 a
282 4039 426 4124 Lycurgi
456 4042 600 4106 oratione
628 4041 791 4124 profectus
819 4043 874 4122 sit,
904 4043 936 4106 in
965 4042 984 4130 ξ
1008 4045 1027 4104 3
1049 4063 1097 4122 sq.
1129 4039 1244 4104 ceteris
1265 4036 1377 4102 litibus

159 4143 245 4208 hanc
267 4142 307 4207 de
331 4165 396 4226 qua
417 4145 526 4228 agitur
547 4143 681 4228 opponit
701 4143 758 4208 sed
781 4146 838 4224 ita,
862 4151 899 4210 ut
921 4145 1049 4228 planius
1066 4142 1204 4226 explicet
1220 4139 1338 4226 quao§
1360 4145 1373 4204 l

158 4243 287 4310 brevius
303 4245 394 4328 dixit,
411 4254 510 4332 utque
527 4269 566 4312 ue
582 4245 753 4310 verborum
771 4247 900 4332 quidem
916 4247 1141 4330 repetitionem
1154 4245 1241 4309 vitet.
1259 4243 1297 4308 cf.
1314 4243 1333 4328 ξ
1349 4247 1375 4308 l.

157 4343 209 4414 ὅτι
231 4342 305 4414 οὕτε
326 4386 367 4396 -
390 4343 463 4414 οὔτε
483 4388 522 4398 -
545 4346 587 4414 τὰ
615 4347 741 4414 τουτονὶ
771 4352 829 4413 τοι·Ι
855 4344 977 4434 ἀγῶνος
1004 4345 1117 4414 δίκαιά
1146 4344 1233 4412 ἐστιν
1264 4339 1377 4430 ἰσχυρά

159 4473 231 4518 cum
261 4451 281 4540 ξ
311 4457 329 4516 3
356 4447 386 4516 ol
414 4447 441 4516 δ’
471 4446 628 4518 ἀντίδικοι
658 4446 732 4536 μεθ’
764 4445 880 4516 tatros·
911 4447 1024 4534 δείξων
1051 4445 1200 4538 ἑκάτερος
1227 4443 1305 4516 ὅντα
1337 4443 1379 4512 τὰ
