3102 4910
741 239 782 302 42

153 431 316 522 φίσοοθε,
349 435 403 500 και
434 435 484 514 ὄις
513 433 559 514 εις
579 436 616 504 τὸ
648 437 862 528 δεσμωτήριον
889 437 1073 506 κατέθεσθε
1102 438 1159 506 και
1188 435 1286 506 αὐτὸν
1312 438 1373 506 και

152 535 210 602 τὸν
237 532 385 625 ἀδελφόν,
416 539 471 606 διὰ
498 536 598 606 ταῦθ’
627 537 702 624 ὑμῖν
724 537 831 618 εὔνοος
853 539 955 624 ε’στίν,·
989 537 1086 608 ἀλλὰ
1107 541 1164 608 καὶ
1184 539 1273 610 τοῦτ’
1298 539 1371 610 ‹iico-

153 664 228 704 ιιον.
274 641 338 706 Sed
361 648 500 724 sequunt
501 666 540 707 ur
561 645 704 727 quinque
725 645 996 728 interrogationes
1017 647 1206 730 incipientes
1229 641 1297 713 ἀλλ’
1317 645 1372 714 ὅτι

153 742 384 828 (supplendum
407 751 469 825 est,
442 743 548 810 ιδιὰ
569 741 695 811 codd
678 749 753 830 υμῖν
774 743 881 826 εὔνοος
901 744 1032 834 ἕστινς),
1058 749 1149 815 nulla
1176 751 1371 886 interposita

154 845 237 910 vel
228 869 261 910 m
284 847 348 912 fine
370 849 477 930 posita
442 848 570 914 trefu
571 855 606 914 ta
607 851 704 914 tione.

238 950 311 1014 Iam
333 971 408 1014 vero
430 951 502 1016 vide
525 958 627 1034 quant
628 974 682 1016 um
701 956 754 1018 art
754 953 781 1016 is
740 952 876 1017 trhet
862 958 915 1035 tor
936 954 969 1018 in
985 954 1048 1020 hac
1069 955 1201 1038 periodo
1215 954 1371 1040 fingenda

155 1053 402 1136 consumpserit!
448 1053 529 1119 Tres
550 1055 674 1137 primae
696 1055 911 1120 subiectiones
941 1077 1031 1121 mera
1052 1057 1119 1123 fere
1141 1059 1262 1123 isocola
1283 1067 1370 1124 sunt.

156 1154 297 1220 Accedit
319 1156 495 1221 similitudo
510 1157 681 1222 verborum
697 1159 730 1222 in
749 1157 813 1223 fine
836 1158 1064 1224 collocatorum
1088 1154 1371 1248 (ὁμοιοιὲλιιτον);

155 1251 237 1322 ἀλλ’
268 1256 328 1324 ὅτι
350 1257 407 1347 τὴν
429 1253 524 1347 ἀρχὴν
543 1251 580 1347 ἢν
602 1253 711 1340 ἔλαχεν
733 1254 1049 1343 ἀπεδοκιμάσατε;
1072 1255 1155 1327 ἀλλ’
1178 1261 1243 1329 ὅτι
1264 1287 1371 1349 παρο-

154 1358 259 1444 νόμιον
270 1356 370 1426 αὐτοῦ
380 1359 598 1446 κατέννιοτες
617 1356 699 1427 dlt’
711 1360 775 1428 ὅτι
787 1361 885 1428 πέντε
893 1361 1058 1429 ταλάντων
1070 1362 1371 1454 προσετιμήσατες

154 1466 230 1529 Duc
259 1465 373 1529 ultima
399 1466 544 1530 membra
571 1466 683 1531 eadem
706 1467 916 1532 similitudine
937 1468 1023 1533 inter
1045 1489 1079 1533 se
1102 1469 1271 1534 coniuncta
1293 1473 1371 1533 sunt

156 1573 188 1632 et
210 1565 412 1648 longitudine
434 1569 538 1634 tribus
553 1568 820 1636 antecedentibus
842 1575 1020 1652 praestant,
1042 1571 1090 1635 ita
1104 1577 1142 1635 ιιι
1163 1572 1312 1654 quintum
1327 1571 1372 1636 sit

155 1671 296 1734 omnium
324 1671 569 1754 amplissimum:
605 1665 686 1736 ἀλλ’
710 1668 772 1736 ὅτι
800 1671 1092 1738 δοκτιιλοδιιιιτεῖτε
1115 1670 1175 1738 εἰει
1201 1675 1248 1760 τῷ
1270 1695 1369 1760 πονη-

153 1770 287 1859 ρότατον
307 1777 371 1838 τῶν
393 1768 493 1840 darm
515 1769 670 1838 ἁπάντων
692 1772 897 1851 detersivum
923 1769 1006 1839 ἀλλ’
1035 1772 1183 1842 ὅτιτῶν
1209 1770 1369 1861 ὑπαρχόν-

153 1900 218 1940 των
246 1873 351 1958 νόμιον
379 1874 435 1942 καὶ
463 1872 631 1953 πολιτείας
664 1875 823 1959 μενόντων
850 1872 908 1941 οὐκ
933 1872 980 1942 ἔνι
1011 1881 1076 1942 τῶν
1109 1872 1248 1963 αἰσχρῶν
1280 1873 1371 1965 αὐτῷ

154 1977 276 2043 τούτων
297 1973 573 2066 &anticyricon
600 1979 676 2045 Non
691 1982 822 2063 ignorat
832 1980 945 2044 rhetor
962 1980 1066 2063 legem
1085 1980 1164 2045 artis
1176 1981 1368 2064 rhetoricae,

154 2089 191 2148 ut
214 2083 285 2147 cola
305 2083 511 2166 periodorum
533 2088 566 2147 et
587 2082 787 2165 longitudine
815 2087 848 2148 et
868 2082 1027 2165 gravitate
1053 2082 1224 2166 paullatim
1246 2103 1371 2149 accres-

155 2193 239 2250 cant.
285 2185 369 2250 Tota
389 2186 488 2268 igitur
509 2185 660 2269 periodus
682 2187 761 2252 artis
782 2187 878 2270 plena
901 2191 958 2266 est,
982 2185 1039 2251 sed
1062 2187 1139 2267 eius,
1164 2207 1248 2270 quac
1270 2207 1370 2269 quam

154 2289 292 2352 maxime
319 2288 495 2354 abhorreat
522 2310 543 2354 a
568 2288 674 2372 figura
702 2288 965 2372 subiectionis.²⁸)
1031 2289 1209 2355 Praeterea
1236 2309 1277 2372 ne
1308 2288 1371 2353 hoc

157 2391 286 2474 quidem
320 2392 391 2456 loco
419 2391 530 2456 rhetor
561 2392 707 2475 ineptum
742 2414 870 2457 sensum
903 2393 1024 2457 vitavit.
1083 2391 1170 2456 Nam
1204 2389 1371 2456 concludit

154 2495 268 2558 seriem
298 2493 531 2559 subiectionum
559 2494 610 2560 his
638 2495 758 2559 verbis:
805 2489 887 2558 ἀλλὰ
909 2491 965 2558 διὰ
992 2488 1025 2556 τί
1046 2487 1122 2574 ὑμῖν
1144 2481 1237 2570 οὗτος
1261 2486 1371 2570 εὔνους

155 2593 264 2678 dcciv,-
286 2595 361 2678 ὅτι,
385 2591 492 2683 φησιν,
518 2591 649 2683 ἀναιδής
672 2594 769 2660 ἐστιν.
791 2590 862 2660 aad.
908 2595 958 2660 At
986 2603 1024 2659 ea
1052 2616 1091 2659 ex
1118 2615 1216 2660 causa
1242 2597 1373 2662 Aristo·

155 2703 297 2784 gitonem
318 2700 509 2764 benevolum
528 2719 597 2764 esse
620 2721 697 2782 erga
712 2698 939 2779 Athenienses,
963 2698 1040 2781 quia
1055 2698 1097 2763 sit
1111 2699 1291 2782 impudens,
1307 2699 1371 2765 hcc
1437 2778 1442 2788 ‚

155 2804 260 2868 dicere
282 2803 411 2868 omnino
433 2802 610 2867 absurdum
632 2808 689 2866 est.

242 2905 307 2971 Sed
330 2907 394 2970 iam
417 2906 496 2971 satis
518 2905 600 2970 bene
622 2905 718 2970 huius
739 2905 947 2987 magnisonae
970 2904 1125 2968 orationis
1140 2903 1281 2968 indolem
1299 2925 1372 2986 per-

156 3010 333 3091 speximus,
372 3029 455 3091 quae
487 3009 633 3090 quamvis
666 3007 909 3073 vehementibus
942 3005 1048 3071 verbis
1081 3006 1225 3086 incedat,
1261 3011 1371 3070 tamen

155 3111 265 3198 multis
287 3112 366 3175 locis
390 3131 444 3175 eas
465 3111 604 3194 ineptias
626 3112 777 3193 continet,
800 3130 883 3194 quae
898 3115 1061 3174 oratorem
1076 3129 1187 3172 verum
1202 3108 1370 3174 admisisse

156 3215 284 3279 omnino
315 3214 452 3296 cogitari
479 3215 602 3297 nequit.
647 3214 766 3297 Itaque
794 3234 813 3277 a
842 3213 915 3278 rhet
901 3218 970 3277 tore
998 3212 1129 3296 pessimi
1150 3210 1260 3274 iudicii
1284 3231 1370 3276 com·

155 3318 261 3400 posita
226 3323 341 3382 t.est
388 3315 593 3400 Quamquam
608 3315 862 3400 quotquottlocis
875 3315 1016 3422 turpiter
1030 3314 1140 3396 lapsus
1156 3311 1369 3396 est'scriptor,

156 3442 222 3484 una
251 3421 359 3484 laus'
350 3442 419 3485 rure
449 3421 520 3484 eit
506 3419 622 3484 tribuit
608 3424 676 3498 tur,
707 3419 846 3484 colorem
877 3391 1082 3500 splehdidum
1110 3423 1142 3481 et
1163 3415 1371 3498 magnificum

157 3524 235 3588 satis
263 3523 341 3587 scite
371 3543 444 3587 eum
471 3524 561 3605 operi
588 3543 645 3586 suo
668 3522 852 3606 aspersisse.
897 3519 1022 3604 Quodsi
1043 3517 1154 3584 iudicii
1176 3517 1243 3584 fere
1266 3520 1372 3584 omnis

161 3646 276 3707 expers
299 3624 374 3705 fuit,
406 3626 537 3708 ingenio
568 3647 631 3690 non
665 3625 760 3708 plane
791 3625 905 3688 caruit.
952 3623 1058 3690 Testis
1082 3628 1131 3687 cst
1153 3623 1246 3706 copia
1266 3628 1373 3686 trans·

156 3727 331 3808 lationum,
363 3749 501 3810 quarum
530 3728 702 3810 plerasque
723 3728 793 3810 ipse
815 3727 952 3806 invenit,
982 3727 1075 3792 testis
1096 3726 1197 3790 totius
1221 3725 1371 3789 dictionis

157 3831 309 3895 vivacitas
332 3835 365 3894 et
385 3829 493 3896 ardor.
537 3829 741 3894 Permultum
763 3837 872 3895 autem
894 3830 928 3894 in
950 3829 1001 3894 his
1023 3849 1152 3912 quoque
1173 3827 1269 3892 rebus
1284 3827 1372 3892 valet

247 4118 282 4186 ²⁸)
302 4117 497 4188 Suspicionem
516 4135 573 4172 non
591 4137 701 4187 premo,
725 4118 788 4170 rhet
777 4122 868 4171 torem
887 4135 983 4172 ansam
1001 4119 1109 4188 cepisse
1128 4099 1209 4171 huius
1227 4119 1283 4172 loci
1302 4134 1367 4172 con-

156 4204 281 4273 fingendi
306 4223 340 4258 ex
362 4205 424 4257 loco
447 4205 599 4270 Midiance,
625 4207 673 4274 qui
697 4207 741 4258 est
759 4204 834 4275 §aa
870 4201 942 4258 Nam
961 4203 1048 4257 verba
1066 4205 1106 4258 ibi
1124 4207 1190 4256 sunt
1178 4203 1346 4256 tsimilia'
1328 4222 1370 4268 ns,

157 4289 289 4358 quibus'
282 4307 311 4342 ιιι
335 4291 545 4359 Aristogitonis
570 4291 655 4345 series
680 4289 797 4344 subiect'
776 4294 887 4344 tronum
905 4289 1011 4343 finitur.
1049 4289 1083 4344 cf.
1102 4296 1145 4344 καὶ
1167 4297 1241 4354 τίνα,
1264 4279 1287 4342 ὦ
1305 4287 1372 4360 πρὸς

155 4397 212 4431 cmv
236 4375 320 4442 θεῶν,
339 4371 406 4439 ἕξετ’
429 4379 514 4432 εἰπεῖν
531 4375 671 4448 πρόφασιν
689 4375 828 4430 denatae*
814 4398 830 4444 η
848 4373 975 4448 καιήν;”
961 4398 1013 4432 οτι
1030 4373 1129 4446 νὴΔί
1153 4371 1294 4454 ἀσελγής
1312 4381 1372 4434 ἐστι

156 4468 200 4516 και
217 4459 375 4538 βδειυρὁι
392 4483 459 4517 κτα.
