3102 4910
762 261 802 322 14

169 470 251 544 crat,
266 470 363 548 atque
375 461 418 529 ad
434 464 604 530 concilium
619 467 725 549 ipsum
740 463 906 530 transtulit
917 463 1004 546 qnod
1013 471 1141 530 tantum
1154 463 1196 528 ad
1205 461 1392 548 praesidem

169 568 347 652 spectabat.
393 568 480 634 Nam
511 590 624 633 causas
658 569 813 651 capitales
843 568 906 632 alio
931 568 1001 633 loco
1030 574 1128 650 atque
1158 569 1192 631 in
1214 569 1284 651 ipso
1305 567 1389 631 colle

173 671 288 735 Martis
312 677 402 736 actas
418 693 487 736 esse
511 672 647 754 cogitari
668 672 796 754 nequit,
836 670 933 754 Quod
955 673 982 735 si
998 672 1143 736 scivisset
1158 677 1282 750 auctor,
1300 675 1390 734 certe

170 773 232 837 hoc
255 774 335 856 loco,
360 797 423 857 quo
446 776 486 840 de
502 776 645 840 conciliis
661 775 827 858 Areopagi
849 779 1006 856 tanquam
1029 774 1069 838 de
1093 795 1181 838 more
1204 779 1330 837 vetusto
1356 777 1391 836 et

170 897 262 942 sacro
284 877 442 960 loquitur,
471 877 584 942 collem
606 878 721 942 Martis
750 899 809 961 pro
831 877 958 959 porticu
980 878 1149 960 posuisset.
1196 877 1247 940 De
1269 876 1387 959 potetis

108 1059 111 1066 Ι
170 1000 298 1062 quoque
318 981 433 1063 nugari
455 981 534 1045 mihi
555 982 682 1045 videtur
710 979 728 1066 ξ
758 985 798 1044 57
822 987 854 1044 et
877 984 926 1044 58.
972 980 1059 1045 Nam
1080 982 1107 1044 si
1129 1003 1202 1044 eum
1226 980 1389 1057 audimus,

169 1083 351 1166 polctarum
372 1083 442 1164 fuit,
466 1085 493 1146 si
516 1085 588 1166 quis
604 1085 791 1167 peregrinus
805 1083 848 1147 ad
864 1105 918 1148 eos
938 1084 1120 1162 duceretur,
1145 1083 1201 1166 qui
1227 1083 1388 1145 tributum

173 1207 237 1249 non
259 1185 473 1268 pependisset,
496 1209 569 1251 eum
590 1187 713 1251 indicta
736 1209 834 1251 causa
856 1185 994 1250 vendere
1018 1185 1072 1270 (cf.
1095 1185 1298 1250 Bceekhium
1320 1186 1341 1248 l.
1364 1185 1386 1248 l.

169 1311 200 1372 p.
224 1290 320 1373 209),
347 1289 398 1352 vel
420 1290 481 1354 hoc
508 1291 535 1354 si
564 1291 725 1370 nolumus,
753 1289 959 1354 statuendum
989 1296 1038 1352 est
1068 1309 1140 1352 cum
1168 1289 1289 1352 Meiere
1321 1288 1389 1373 (De

176 1392 270 1456 bonis
285 1393 510 1457 damnatorum
525 1415 555 1476 p.
571 1396 611 1457 41
628 1415 686 1475 sq,
702 1401 734 1458 et
750 1393 822 1456 Att.
836 1393 972 1457 Process
988 1413 1018 1474 p.
1043 1391 1098 1476 53)
1114 1397 1146 1454 et
1162 1390 1388 1456 Schoemanno

175 1495 250 1580 (Gr.
275 1496 345 1560 Alt.
368 1495 396 1576 Ι,
419 1498 482 1560 442
505 1496 578 1583 sq.),
601 1497 726 1579 poletas
747 1495 925 1580 praefuisse
947 1494 1073 1558 iudiciis
1100 1494 1256 1562 incensis
1272 1493 1390 1558 tributi

179 1619 244 1663 non
268 1599 374 1662 soluti.
421 1598 486 1665 Sed
508 1621 581 1663 cum
604 1604 738 1679 constet,
762 1605 885 1662 ceteras
908 1619 1017 1662 omnes
1044 1597 1116 1661 lites
1139 1597 1182 1660 ad
1204 1597 1392 1680 peregrinos

174 1703 373 1785 pertinentes
388 1723 408 1764 a
423 1701 636 1783 polemarohis
651 1702 827 1766 instructas
843 1722 921 1782 esse,
946 1701 1069 1764 nullum
1084 1706 1195 1764 autem
1209 1700 1392 1782 exemplum

174 1811 276 1886 extet,
301 1827 365 1888 quo
388 1804 629 1887 comprobetur,
653 1805 778 1888 poletas
800 1803 967 1886 praesides
988 1803 1098 1866 iudicii
1124 1803 1258 1866 alicuius
1280 1802 1391 1882 fuisse,

172 1907 260 1972 hanc
288 1928 417 1991 quoque
448 1909 605 1972 actionem
637 1907 852 1991 pelemarchis
884 1906 1091 1970 tribuendam
1121 1927 1190 1970 esse
1218 1905 1392 1970 verisimile

172 2017 230 2074 est.
276 2008 517 2074 Condemnatos
540 2019 661 2091 autem,
690 2017 727 2074 ut
755 2011 789 2072 in
811 2009 923 2074 litibus
946 2004 1149 2074 ἀποστασίου
1172 2015 1204 2072 et
1226 2003 1391 2092 ἀπροστα-

174 2108 256 2192 σίου,
280 2112 326 2176 sic
345 2113 444 2177 etiam
466 2114 499 2176 in
523 2114 585 2178 hac
607 2113 664 2177 lite
687 2113 815 2195 poletae
839 2113 907 2176 sine
929 2112 1027 2178 dubio
1050 2110 1289 2194 vendebantffi)

253 2334 287 2403 ¹³)
305 2333 417 2387 Primus
435 2333 507 2386 vidit
527 2338 660 2402 quantum
680 2335 749 2397 scio,
774 2351 890 2387 munera
914 2336 1072 2402 poletarum
1098 2338 1127 2386 ct
1145 2334 1317 2402 pelemarchi
1335 2334 1391 2386 boo

170 2419 232 2474 loco
250 2437 310 2474 esse
333 2421 460 2484 confuse,
486 2419 725 2484 Wilamowitzine,
749 2421 844 2488 quiin
868 2421 960 2474 indice
982 2422 1046 2474 lect.
1070 2421 1239 2488 (Gryphisw.
1267 2421 1391 2490 1879180)

171 2523 230 2560 rem
249 2507 345 2574 paucis
362 2507 468 2574 tetigit.
