3102 4910
744 266 782 326 17

147 469 221 537 Sed
247 469 366 534 rhetori
395 468 413 554 ξ
442 473 483 532 36
513 473 588 532 ante
616 466 725 530 oculos
747 467 961 532 versabantur
991 465 1184 544 calumniae,
1216 487 1296 548 quas
1319 467 1367 532 rei

148 571 488 638 accusatoribuslooo
511 569 706 635 defensionis
729 571 875 651 ingerere
898 568 1048 632 solerent.
1093 568 1166 634 Has
1183 567 1281 634 salsas
1297 590 1366 634 esse

149 683 188 740 ut
212 675 446 758 comprobaret,
469 673 656 756 saepissime
679 693 712 736 se
734 672 776 737 ab
799 672 855 735 illo
871 673 903 734 in
919 673 968 736 ius
984 677 1144 750 vocatum,
1168 671 1225 736 sed
1242 693 1368 755 semper

149 777 334 842 absolutum
356 777 458 840 finxit.
503 776 522 860 ξ
545 779 586 839 38
608 776 640 837 in
664 781 804 840 mentem
827 775 856 837 ei
878 775 966 838 venit
987 773 1174 852 discrimen,
1198 774 1284 855 quod
1305 773 1367 838 fuit

151 880 296 946 Athenis
324 880 409 942 inter
436 884 580 942 oratores
608 883 641 942 et
669 877 813 940 homines
841 878 1000 959 privatos,
1028 875 1195 941 contendit
1223 883 1367 942 oratores

152 983 194 1047 ab
225 982 295 1062 illo,
328 1003 367 1046 ne
399 981 461 1064 ipsi
489 979 717 1046 detrimentum
748 980 920 1058 inferrent,
953 1000 1015 1044 non
1040 1000 1109 1044 esse
1130 986 1278 1058 vexatos,
1310 979 1367 1042 sed

152 1091 281 1150 tantum
309 1085 453 1148 homines
484 1084 638 1165 privatos.
689 1083 707 1166 ,ὅ
738 1086 779 1146 47
810 1083 866 1146 ubi
898 1083 1045 1164 exempla
1078 1082 1243 1148 afferenda
1275 1089 1368 1148 erant

152 1209 321 1252 causarum
359 1186 402 1250 ab
443 1185 498 1250 illo
539 1184 782 1263 destitutarum,
828 1191 971 1250 oratores
1015 1205 1077 1248 uon
1121 1185 1226 1250 miuus
1269 1208 1367 1268 quam

153 1291 311 1374 privatos,
340 1311 381 1352 ne
408 1295 654 1367 accusarentur,
684 1289 851 1371 pecuniam
881 1287 929 1352 illi
958 1287 1084 1352 dedisse
1113 1288 1203 1352 dixit.
1248 1290 1368 1372 Itaque

152 1415 194 1458 ne
229 1393 296 1475 ipse
331 1391 463 1474 quidem
498 1391 654 1456 memoria
690 1391 809 1471 tenuit,
855 1411 939 1472 quae
982 1396 1079 1454 antea
1119 1390 1267 1474 dixisset,
1310 1393 1368 1458 sed

151 1495 279 1560 diverso
301 1515 424 1558 conexu
447 1495 679 1559 sententiarum
701 1494 816 1558 ductus
840 1492 966 1556 diversa
988 1494 1142 1558 mentitus
1166 1501 1224 1559 est.

241 1598 298 1662 ‘At
309 1597 434 1662 duobus
443 1599 563 1662 ultimis
576 1599 668 1661 annis
680 1597 803 1661 nullum
816 1603 978 1662 oratorem
993 1597 1156 1662 accusavit
1172 1597 1225 1683 (cf.
1241 1597 1260 1685 ξ
1277 1602 1318 1662 38
1335 1605 1369 1664 et

150 1699 237 1784 40)!'
259 1701 307 1764 At
323 1722 432 1764 omnes
448 1702 679 1780 accusationes,
693 1721 776 1781 quae
790 1699 808 1782 ξ
822 1703 862 1763 47
876 1699 1065 1782 afferuntur,
1078 1722 1155 1764 uum
1166 1699 1210 1764 ad
1221 1707 1369 1786 tempora

150 1804 263 1888 priora
290 1803 402 1868 referri
433 1801 590 1886 possunt?
637 1802 762 1882 Verba,
794 1822 877 1884 quae
905 1809 1119 1885 usurpantur,
1148 1803 1297 1868 ridentur
1319 1805 1368 1868 iu·

152 1906 272 1986 dicere,
294 1913 461 1970 auctorem
484 1927 504 1968 a
526 1904 729 1987 temporibus
744 1905 906 1986 prioribus
922 1905 964 1968 ad
979 1906 1159 1970 recentiora
1174 1906 1368 1972 descendere

154 2007 196 2072 cl.
225 2007 281 2096 cip
310 1985 387 2072 iau'
410 2003 589 2096 Ἡγήμονος
610 2002 808 2090 εἰσαγγελίαν
834 2004 1035 2094 μέμνησαι
1058 2003 1101 2084 ὡς
1123 2001 1283 2072 ἀπέδοτο·
1310 2007 1370 2085 τὰς

153 2108 238 2174 κατὰ
270 2109 426 2197 Δημάδου
468 2108 593 2198 γραφὰς
632 2100 735 2174 οἶσθ’
778 2105 822 2185 (ὃς
853 2107 1010 2190 ἐξέλιπεν.
1076 2109 1133 2176 τὸν
1167 2107 1370 2200 ἐλαιοπώλην

156 2213 278 2296 (itaque
305 2213 358 2276 hie
387 2214 448 2278 fuit
475 2215 570 2278 homo
599 2215 759 2296 privatus,
789 2213 888 2276 ceteri
918 2221 983 2276 tres
1012 2213 1172 2300 oratores)
1196 2207 1369 2298 Ἀγάθωνα

156 2314 281 2396 (ταυτὶ
304 2313 376 2400 γὰρ
397 2314 445 2379 τὰ
469 2313 617 2402 πρῴην)
633 2354 675 2361 -
690 2310 1001 2402 λαβώνὸτιδήποτε,
1027 2312 1141 2400 παρὼν
1168 2311 1214 2380 ὅτ’
1245 2311 1368 2403 ἠφίετο,

156 2411 283 2502 ἄφωνος
305 2415 436 2502 ἐγένετο.
479 2415 536 2505 τὴν
557 2415 642 2481 κατὰ
664 2414 869 2504 Δημοκλέους
890 2413 1088 2501 εἰσαγγελίαν
1110 2412 1281 2498 ἀνασείσας
1310 2425 1371 2486 ποῖ

158 2513 301 2606 ε”τρεψενς
345 2521 470 2586 Tamen
493 2522 520 2584 si
542 2521 667 2585 duobus
688 2521 811 2584 ultimis
833 2522 925 2586 annis
947 2521 1071 2585 nullum
1092 2528 1255 2586 oratorem
1277 2543 1370 2588 aecu-

157 2624 250 2704 savit,
287 2623 504 2690 recedendum
543 2630 592 2688 est
627 2623 670 2688 ad
708 2631 855 2706 tempora
888 2645 971 2706 quae
1007 2624 1137 2688 luerunt
1173 2631 1249 2690 ante
1280 2627 1370 2692 litem

156 2724 316 2790 Hieroclis
340 2732 372 2791 et
392 2726 587 2790 delationem
604 2726 812 2808 Hegemonis.
858 2725 945 2790 Nam
960 2726 1096 2790 vidimus
1112 2728 1371 2811 Aristogitonem

155 2833 228 2891 ante
255 2828 338 2892 illud
364 2829 529 2893 biennium
556 2829 698 2910 quinque
726 2849 829 2892 annos
857 2830 1026 2892 continuos
1058 2851 1121 2893 nou
1152 2831 1186 2894 in
1205 2832 1370 2914 publicum

157 2930 326 3012 prodiisse,
361 2952 433 2996 cum
465 2933 499 2994 in
531 2932 602 3014 ipsa
635 2931 692 2994 lite
726 2930 900 2994 Hierocles
933 2932 1048 3013 capitis
1082 2933 1300 2998 deminutione
1337 2937 1370 3000 iu

158 3033 408 3116 quinquennium
432 3039 516 3096 esset
530 3034 695 3098 multatus.
742 3031 808 3098 Sed
822 3032 1008 3114 Agathonis
1024 3055 1154 3100 causam
1173 3037 1241 3118 ipse
1257 3045 1371 3102 auctor

156 3134 233 3200 dicit
259 3157 362 3218 nuper
388 3143 495 3199 actam
523 3157 606 3216 esse,
638 3143 670 3199 et
698 3137 798 3200 mirus
825 3157 902 3200 sane
931 3136 982 3200 hic
1005 3145 1055 3201 est
1077 3138 1156 3202 ordo
1179 3160 1304 3222 rerum,
1336 3147 1371 3204 ut

156 3239 257 3320 primo
278 3238 350 3302 loeo
372 3245 513 3320 ponatur
533 3239 583 3318 lis,
606 3238 648 3302 ad
671 3259 768 3319 quam
790 3238 861 3320 ipsa
884 3238 965 3302 haec
987 3241 1152 3304 accusatio
1174 3242 1369 3324 pertinebat,

157 3338 270 3406 deinde
293 3341 378 3404 iuter
399 3340 489 3418 duas,
512 3361 594 3422 quae
616 3340 680 3404 iam
704 3347 779 3404 ante
795 3340 885 3404 illam
900 3342 1070 3406 institutae
1086 3349 1190 3422 erant,
1207 3343 1371 3410 inseratur

155 3443 226 3522 alia,
250 3464 335 3526 qnae
356 3443 429 3526 plus
451 3443 619 3524 septennio
641 3447 715 3525 post
737 3443 796 3506 has
819 3463 929 3508 omnes
952 3450 1027 3508 acta
1050 3453 1129 3510 erat.
1175 3445 1215 3510 In
1241 3453 1370 3514 oratore

156 3547 294 3627 genuino
327 3546 380 3609 vix
416 3546 498 3610 haec
533 3545 678 3610 conlusio
705 3551 885 3628 temporum
916 3545 1069 3630 explicari
1098 3554 1217 3630 potest,
1248 3549 1282 3614 iu
1311 3550 1373 3616 hoc

155 3647 283 3713 rhetore
315 3647 465 3712 facillime
497 3648 687 3732 explicatur.
747 3646 834 3712 Nam
868 3671 940 3712 oum
973 3651 1127 3714 scriberet
1158 3651 1177 3735 ξ
1209 3656 1266 3732 47,
1308 3653 1372 3718 iam

155 3749 275 3814 dudum
306 3751 432 3814 oblitus
469 3757 556 3830 erat,
599 3771 682 3832 quae
724 3756 820 3814 autea
857 3751 896 3816 de
932 3751 1057 3818 duobus
1097 3755 1189 3818 annis
1227 3755 1371 3820 dixisset.

155 3849 313 3936 Suspecta
345 3859 452 3918 autem
486 3854 564 3918 mihi
597 3853 706 3918 omnia
741 3853 822 3917 haec
856 3855 1018 3938 exempla,
1053 3863 1188 3940 excepta
1220 3857 1372 3924 nimirum

154 3955 353 4038 Hegemonis
376 3956 548 4036 delatione,
572 3956 730 4020 videntur.
768 3956 823 4020 An
840 3957 1010 4022 verisimile
1031 3967 1089 4038 est,
1114 3959 1372 4042 Aristogitonem

154 4057 186 4122 in
216 4079 283 4122 una
306 4079 404 4122 causa
425 4057 625 4140 Hegemonis
646 4058 732 4123 mille
755 4057 926 4123 drachmas
947 4081 1010 4126 non
1033 4061 1179 4140 solvisse,
1204 4061 1237 4126 in
1260 4064 1374 4128 ceteris

155 4161 313 4240 omnibus,
335 4181 416 4242 quas
438 4160 596 4242 destituit,
619 4159 774 4226 solvisse?
818 4160 905 4226 Nam
926 4163 959 4226 in
982 4165 1107 4230 aerario
1131 4163 1260 4248 publico
1285 4166 1374 4230 nulla

154 4262 219 4328 aliu
245 4263 348 4327 multa
374 4263 461 4326 mille
488 4263 678 4330 drachmum
707 4263 768 4328 nisi
797 4284 852 4344 ea,
888 4286 984 4348 quam
1012 4273 1146 4352 propter
1174 4267 1374 4350 Hegemonis

154 4387 286 4432 causam
310 4364 501 4432 destitutam
523 4365 672 4448 debebat,
696 4367 853 4450 inscripta
876 4373 956 4432 erat.

1202 4489 1219 4544 2
