3102 4910
730 1346 802 1431 §a

251 1517 292 1582 00
314 1535 408 1584 causa
430 1521 646 1600 Aristogitonis
669 1519 702 1584 01
725 1517 888 1598 scriptoris
910 1516 986 1580 iuris
1008 1513 1098 1579 thiel
1121 1507 1280 1592 imperitia.

242 1721 386 1786 Primum
414 1723 506 1786 nobis
536 1721 763 1805 quaerendum
793 1721 873 1800 erit,
904 1741 981 1784 num
1009 1739 1061 1796 ea,
1091 1737 1175 1800 quae
1203 1717 1315 1778 auctor
1342 1707 1381 1772 de

152 1823 214 1886 lite
244 1823 345 1901 dicat,
377 1833 463 1888 recte
496 1845 529 1888 se
560 1826 717 1889 habeant.
764 1825 850 1890 Oum
882 1824 943 1887 hac
975 1821 1164 1904 quaestione
1190 1818 1272 1882 duae
1300 1813 1382 1877 aliae

154 1925 341 2006 cohaerent,
365 1928 461 2010 prior.
484 1949 562 1991 num
583 1930 717 1992 omnino
733 1929 813 1992 iuris
831 1927 936 1990 Attici
955 1928 1082 2008 peritus
1099 1925 1149 2002 sit,
1171 1921 1284 1996 altera,
1307 1937 1383 1980 num

155 2027 295 2110 reliqna,
318 2051 401 2111 quae
425 2030 464 2092 de
487 2031 726 2113 Aristogitonis
748 2033 816 2094 vita
840 2038 874 2094 et
896 2029 1041 2092 moribus
1064 2032 1194 2104 narrat,
1217 2019 1385 2086 eredibilia

155 2131 233 2194 sint.
279 2131 445 2196 Habemus
468 2140 593 2210 autem,
625 2136 686 2198 etsi
707 2134 855 2217 Lycurgi
883 2132 989 2196 oratio
1012 2131 1045 2193 in
1068 2129 1131 2192 hac
1153 2147 1251 2191 causa
1273 2123 1386 2188 habita

157 2241 193 2296 et
222 2233 404 2316 Hyperides
432 2236 473 2299 ab
502 2236 735 2320 Aristogitone
764 2235 911 2299 defensio
938 2235 1124 2316 perierunt,
1154 2236 1261 2294 tamen
1282 2227 1386 2291 100100

157 2357 223 2399 000
253 2338 504 2402 contemnendos
527 2338 661 2404 Libanii
690 2346 921 2422 argumentum
947 2337 1089 2401 orationi
1118 2335 1329 2418 praemissum
1356 2336 1388 2394 et

158 2438 320 2503 Dinarchi
348 2441 528 2506 orationem
557 2441 716 2506 adversus
740 2441 1003 2524 Aristogitonem
1031 2439 1066 2501 in
1090 2459 1188 2502 causa
1211 2435 1390 2520 Harpalica

158 2539 316 2606 habitam.

246 2643 297 2708 De
319 2645 386 2708 litis
409 2647 532 2729 origine
548 2650 737 2728 argumenti
760 2654 876 2711 auctor
900 2647 981 2711 haec
1004 2643 1073 2708 fere
1090 2649 1210 2708 narrat.
1246 2644 1390 2726 Pythan-

157 2746 266 2828 gelum
293 2755 326 2811 et
353 2748 558 2833 Scaphonem
587 2750 847 2833 deprehendisse
878 2751 1043 2831 quondam
1068 2748 1253 2813 Hieroclem
1282 2749 1315 2812 in
1339 2749 1390 2811 via

157 2849 289 2932 publica
315 2852 508 2917 vestimenta
535 2873 633 2918 sacra
664 2857 870 2918 auferentem
899 2858 932 2918 et
954 2851 1128 2919 abduxisse
1150 2871 1222 2915 eum
1250 2851 1293 2916 ad
1315 2875 1389 2936 pry-

156 2959 250 3017 tanes
277 2961 435 3036 tanquam
469 2955 684 3038 sacrilegum,
716 2966 816 3039 atque
845 2957 917 3020 illos
941 2956 1098 3040 postridie
1126 2955 1165 3019 de
1194 2955 1254 3019 hac
1283 2977 1317 3021 re
1347 2956 1390 3020 ad

155 3057 313 3139 populum
342 3059 517 3122 rettulisse.
562 3058 758 3125 Hieroclem
786 3067 895 3123 autem
918 3059 1037 3122 dixisse
1066 3060 1098 3122 in
1122 3059 1289 3138 contione,
1313 3081 1347 3122 se
1370 3081 1390 3123 a

155 3159 324 3224 sacerdote
337 3163 533 3226 vestimenta
548 3162 728 3244 accepisse,
745 3169 783 3226 ut
798 3161 959 3243 perferret
974 3162 1016 3224 ad
1032 3162 1212 3225 aediculam
1228 3161 1390 3244 quandam

156 3263 288 3326 Dianae
311 3260 412 3348 (πρὸς
432 3261 471 3327 τὸ
497 3259 582 3346 ἱερὸν
606 3266 821 3352 κυνηγέσιον).
867 3263 951 3328 Tum
981 3263 1240 3346 Aristogitonem
1269 3265 1389 3336 tulisse,

152 3371 200 3442 ut,
214 3365 241 3428 si
258 3365 469 3430 confiteretur
483 3367 548 3444 ille,
561 3388 597 3433 se
614 3367 764 3433 furatum
781 3388 850 3430 esse
866 3368 1069 3446 vestimenta,
1086 3367 1197 3432 statim
1209 3379 1390 3448 necaretur,

154 3467 204 3532 sin
228 3473 378 3550 negaret,
403 3489 480 3534 reus
503 3467 613 3552 fieret,
640 3471 700 3534 sed
723 3493 743 3535 a
765 3470 988 3534 Phanostrata
1016 3477 1110 3552 patre
1132 3469 1294 3534 Hieroclis
1322 3491 1390 3534 esse

150 3577 358 3650 accusatum,
386 3569 477 3656 qnod
501 3577 714 3654 rogationem
737 3573 865 3638 tulisset
895 3573 1020 3656 legibus
1044 3581 1295 3656 repugnantem,
1317 3579 1393 3638 010

151 3673 315 3738 iudicibus
343 3676 491 3758 quinque
520 3675 659 3740 talentis
690 3675 874 3740 multatum.
928 3675 1056 3740 Deinde
1085 3697 1156 3739 enm
1190 3677 1222 3740 in
1257 3676 1391 3740 multam

151 3777 241 3842 mille
269 3777 466 3843 drachmum
487 3777 652 3851 incidisse,
676 3799 748 3840 eum
773 3777 996 3858 Hegemonem
1027 3779 1131 3842 iuius
1157 3785 1311 3860 vocasset,
1334 3780 1391 3846 sed

151 3881 294 3965 pecunia
332 3889 511 3966 corruptus
548 3899 681 3942 eausam
724 3878 934 3944 destituisset.
1006 3882 1129 3948 Multas
1166 3889 1274 3948 autem
1318 3905 1390 3949 cum

151 3991 302 4068 tempore
352 3993 482 4050 statuto
533 4001 598 4044 non
650 3981 813 4062 solvisset,
858 3985 1101 4068 conduplicatas
1156 4007 1240 4066 esse,
1293 3986 1390 4052 luisse

151 4089 256 4172 igitur
285 4087 403 4154 decem
435 4087 561 4152 talenta
593 4089 626 4146 01
657 4082 719 4146 duo
754 4085 842 4150 ruilia
881 4086 1079 4152 drachmum.
1125 4087 1208 4154 Tum
1237 4089 1326 4154 illum
1357 4091 1388 4154 in

154 4192 235 4258 albo
266 4191 389 4258 aerarii
419 4186 658 4254 inscribendum
696 4207 825 4250 curasse
862 4192 1017 4272 agellum3
1056 4193 1141 4256 huuc
1171 4191 1213 4256 ab
1241 4191 1390 4258 Eunomo

155 4295 266 4362 tratre
308 4301 455 4380 emptum
493 4312 561 4356 esse
598 4310 636 4352 ea
670 4289 868 4370 condicione,
912 4299 948 4358 ut
983 4295 1043 4358 sibi
1078 4295 1190 4358 liceret
1221 4295 1389 4376 pecuniam

156 4401 252 4466 intra
297 4399 410 4466 decem
459 4415 558 4460 annos
610 4393 738 4474 paribus
780 4395 987 4476 pensionibus
1034 4397 1150 4461 annuis
1199 4399 1389 4482 persolvere,

157 4513 266 4588 atque
319 4501 402 4566 duas
455 4505 562 4584 partes
611 4495 763 4577 pecuniae
813 4517 881 4560 esso
933 4497 1064 4562 solutas.
1132 4499 1390 4584 Aristogitonem

1204 4621 1236 4672 l*
