3102 4910
776 263 796 323 9

182 471 326 529 numerat
349 471 381 528 et
409 463 578 530 Gilbertns
607 465 788 548 exemplum
816 463 924 542 affert,
953 465 999 528 sic
1025 464 1135 546 potius
1162 463 1312 528 instituta
1339 469 1398 546 est,

181 575 214 632 ut
235 575 401 652 praetores
423 567 466 631 ad
487 573 635 632 senatum
656 567 815 632 referrent
835 569 963 630 tantum
987 566 1027 630 de
1043 566 1161 630 scelere
1179 563 1396 650 Antiphontis

178 675 366 736 ceterorum,
413 671 452 734 cf.
476 670 574 734 verba
601 670 723 735 decreti
749 671 782 734 iu
810 670 877 734 rita
904 669 983 734 Ant.
1015 667 1089 754 περὶ
1112 672 1178 734 τῶν
1199 662 1323 756 ἀνδρῶν
1344 662 1400 744 οὓς

179 767 418 859 ἀποιραίνοι,·σιν
439 767 467 836 oi
491 771 706 860 στρατηγοὶ
731 769 1001 858 πρεσβευομένους
1015 768 1061 848 εἰς
1075 767 1311 854 Λακεδαίμονα
1325 766 1398 839 aad.

178 875 305 941 Deinde
328 883 462 941 senatus
490 877 558 959 ipse
588 875 742 956 decrevit,
771 875 844 938 illos
873 897 942 940 esse
965 876 1165 942 accusandos
1188 883 1287 959 atque
1307 897 1399 942 accu-

179 987 302 1044 satores
326 979 502 1044 destinavit
524 985 558 1044 et
580 980 676 1044 duces
693 985 726 1044 et
741 985 896 1062 patronos
912 979 1091 1044 nonnullos.
1140 978 1266 1046 (leteris
1289 986 1398 1045 autem

175 1083 270 1162 locis,
299 1083 417 1166 quibus
448 1080 616 1169 κατήγοροι
648 1083 697 1147 vel
727 1079 892 1168 συνήγοροι
925 1105 945 1146 a
980 1083 1101 1166 populo
1138 1083 1231 1147 electi
1262 1103 1398 1147 comme·

177 1191 359 1264 morantur,
389 1185 470 1250 nihil
493 1205 552 1249 nos
583 1187 685 1267 cogit,
715 1191 752 1250 nt
780 1191 945 1267 putemus,
975 1185 1033 1251 has
1055 1186 1129 1252 lites
1151 1207 1214 1250 non
1237 1207 1257 1251 a
1278 1187 1398 1270 populo

176 1289 255 1371 ipso,
290 1288 347 1352 sed
379 1289 421 1353 ab
452 1288 695 1352 accusatoribus
726 1289 814 1372 apud
840 1289 995 1371 populum
1029 1309 1097 1352 esse
1132 1289 1309 1354 institutas.
1357 1287 1397 1354 cf.

176 1391 346 1474 Aristoph.
372 1390 472 1474 Vesp.
500 1413 529 1453 v.
562 1395 624 1456 689
655 1397 688 1456 et
719 1391 823 1474 Eqnit
845 1413 874 1456 v.
900 1395 999 1472 1360,
1031 1391 1120 1456 Plut.
1151 1392 1260 1457 Periol
1291 1413 1318 1456 o.
1347 1395 1398 1474 10,

176 1495 271 1559 Deru.
290 1515 316 1559 ο.
336 1497 384 1557 14.
423 1493 601 1558 Praeterea
617 1495 747 1558 omnino
763 1495 906 1577 intellegi
924 1496 1045 1578 nequit,
1069 1495 1149 1577 quid
1164 1496 1196 1558 in
1210 1494 1260 1559 his
1276 1494 1398 1576 litibus,

176 1617 257 1679 quas
279 1604 484 1662 accusatores
506 1597 730 1676 intendebant,
753 1598 892 1681 populus
914 1597 975 1661 sibi
994 1598 1142 1680 voluerit,
1166 1617 1248 1677 cum,
1272 1599 1399 1664 nescius

177 1701 286 1780 etiam,
317 1707 427 1764 utrum
456 1720 531 1764 reus
561 1701 676 1763 noxius
706 1707 790 1764 esset
818 1721 933 1780 necne,
966 1706 1122 1784 patronos
1158 1701 1308 1783 eligeret,
1341 1703 1398 1785 qui

177 1825 242 1868 una
265 1823 337 1868 cum
360 1803 603 1867 accusatoribus
626 1823 757 1866 causam
780 1809 923 1885 agerent.
968 1804 1045 1886 Ipse
1066 1802 1311 1869 Soboemaunus
1333 1804 1397 1869 alio

176 1905 248 1970 loco
272 1905 326 1988 (de
350 1908 454 1970 comit.
473 1927 503 1988 p.
521 1909 599 1984 221)
615 1907 792 1970 rectissime
808 1907 854 1971 sic
876 1906 1074 1970 accusatoris
1095 1927 1211 1970 munus
1227 1905 1395 1976 describit:

178 2008 251 2091 ‘Qui
274 2004 474 2094 ciouyyclu'nu
496 2010 647 2088 instituit,
676 2010 704 2071 is
733 2009 811 2072 iusti
838 2010 1035 2073 accusatoris
1057 2029 1229 2092 personam
1251 2010 1397 2085 sustinet,

178 2133 268 2176 reum
297 2111 396 2176 etiam
424 2113 458 2176 in
487 2112 607 2176 iudicio
639 2113 858 2194 persequitur,
888 2113 1078 2176 convincere
1105 2117 1255 2192 conatur,
1282 2112 1398 2196 proba·

177 2215 280 2278 tiones
304 2221 336 2278 et
358 2217 545 2280 testimonia
565 2213 748 2297 conquirit'
792 2213 885 2278 Haeo
908 2215 1017 2278 omnia
1039 2217 1066 2279 si
1082 2216 1279 2280 accusatoris
1294 2221 1397 2290 erant,

180 2338 302 2400 quaero
324 2339 431 2383 nonne
453 2319 550 2402 plane
571 2319 685 2383 inutile
708 2339 746 2382 ac
768 2337 1042 2399 supervacaneum
1064 2317 1171 2399 fuerit,
1195 2319 1224 2383 ei
1246 2323 1398 2402 patronos

176 2419 363 2503 adiungere,
387 2443 468 2504 quos
492 2423 571 2504 ipse,
594 2423 619 2485 si
644 2420 740 2485 modo
770 2420 881 2499 voluit,
905 2419 999 2484 facile
1021 2421 1081 2485 sibi
1102 2421 1259 2487 asciscere
1280 2423 1398 2506 potuit.

177 2523 297 2606 Itaque
321 2523 401 2588 baec
429 2525 560 2604 electio,
591 2547 690 2608 quam
718 2529 910 2607 personatus
938 2523 1174 2589 Demosthenes
1206 2523 1267 2588 sibi
1295 2524 1397 2606 finxit,

178 2626 385 2691 vehementer
412 2633 575 2711 repugnat
606 2635 742 2692 naturae
772 2647 836 2690 non
866 2627 972 2691 solum
1000 2623 1163 2707 ἐνδείξεως
1170 2678 1178 2710 ,
1212 2626 1269 2691 sed
1300 2627 1399 2692 etiam

177 2723 384 2812 εἰσαγγελίας.

264 2832 436 2898 Accedunt
467 2835 564 2897 etiam
598 2834 677 2912 alia,
713 2851 796 2915 quae
822 2830 929 2896 locum
960 2833 993 2894 iu
1024 2832 1239 2916 suspicionem
1270 2841 1396 2900 vocant.

178 2935 298 3016 Verba,
324 2937 441 3018 quibus
464 2941 579 3000 auctor
599 2935 718 3015 utitur,
747 2941 823 2998 sunt
850 2935 1017 2998 rarissima
1046 2941 1079 3000 et
1105 2935 1254 3002 inaudita
1275 2935 1343 3002 fere
1365 2937 1398 3002 in

177 3038 249 3103 foro
265 3037 436 3118 Atticen),
459 3041 492 3102 in
514 3061 578 3122 quo
593 3039 765 3103 valuerunt
788 3036 828 3100 de
851 3038 961 3120 populi
977 3037 1133 3103 electione
1148 3039 1248 3106 verba
1262 3043 1396 3124 propria

176 3147 364 3226 χειροτονεῖν
393 3149 426 3207 et
455 3137 630 3226 αἱρεῖσθαι.
683 3143 861 3206 Praeterea
890 3161 1066 3222 numquam
1097 3149 1209 3208 orator
1238 3145 1396 3226 genuinus

176 3245 218 3309 de
233 3267 268 3310 re
283 3253 351 3310 tam
369 3247 503 3328 vulgari,
521 3247 626 3328 qualis
641 3245 752 3328 populi
767 3243 881 3307 electio
897 3242 968 3322 fuit,
991 3245 1163 3310 verborum
1179 3248 1396 3329 geminatione

176 3369 255 3412 usus
285 3355 341 3412 est.
387 3349 459 3414 Iam
482 3369 557 3412 vero
586 3348 721 3432 pluralis
751 3341 784 3408 ἒν
804 3349 877 3421 ταῖς
903 3343 1086 3433 ἐκκλησίαις
1112 3347 1207 3431 plano
1235 3350 1396 3416 absurdus

176 3457 236 3517 est.
282 3451 338 3516 Au
361 3451 430 3516 lieri
451 3453 559 3535 potuit
583 3457 620 3514 ut
647 3448 864 3534 compluribus
895 3450 1098 3516 contionibus
1120 3451 1215 3516 huius
1238 3455 1395 3520 orationis

254 3727 287 3794 ¹¹)
305 3725 491 3780 κατατάσσειν
509 3725 585 3794 apud
605 3729 732 3778 oratores
746 3726 861 3778 Atticos
877 3725 967 3779 tribus
987 3726 1057 3780 locis
1076 3727 1208 3792 occurrit,
1227 3724 1291 3794 hys.
1310 3725 1395 3792 XIII,

176 3811 246 3881 §79
265 3815 294 3864 et
312 3813 346 3866 82
370 3835 399 3858 =
420 3813 449 3864 in
468 3811 555 3864 aciem
573 3811 706 3874 inserere,
729 3815 757 3863 et
774 3811 855 3866 Dum:
874 3815 919 3876 58,
942 3814 980 3876 1⁷,
1004 3813 1051 3866 ubi
1077 3813 1191 3866 adrem
1210 3814 1395 3866 nummariam

176 3901 294 3964 spectat.
330 3897 375 3951 Ita
393 3901 424 3951 ut
442 3897 480 3950 sit
496 3898 620 3966 aliquem
639 3895 782 3951 destinare
801 3899 845 3952 vcl
868 3899 1005 3968 deputare
1024 3897 1059 3952 ad
1079 3899 1201 3966 aliquam
1221 3915 1294 3962 rem,
1315 3921 1395 3954 κατα-

174 3983 298 4048 τᾶσσιιν,
323 3987 458 4052 qnantum
482 3983 575 4048 video,
600 3983 674 4051 apud
699 3985 807 4038 nullum
832 3985 999 4054 scriptorem
1017 3986 1146 4038 Atticum
1165 3983 1321 4050 invenitur,
1345 3985 1395 4040 sed

175 4069 211 4122 cl,
230 4067 328 4138 Polyb.
351 4073 382 4134 3,
407 4071 454 4134 33,
481 4072 512 4122 12
533 4068 644 4128 τινὰσδ
670 4072 705 4126 εἰς
723 4067 808 4138 σίντην
827 4071 992 4142 Καρχηδόνα
1016 4073 1162 4134 κατέταξεν
1185 4071 1201 4124 1.
1228 4087 1251 4124 0.
1279 4071 1393 4126 Cartha·

175 4155 272 4226 ginem
292 4155 445 4224 deputavit.
481 4157 596 4210 τάσσειν
614 4157 746 4212 similiter
765 4159 875 4228 saepius
893 4157 1103 4226 usurpaturus.
1120 4157 1207 4212 Isoor.
1225 4159 1250 4222 b,
1271 4159 1331 4224 1513
1353 4161 1393 4224 12,

178 4245 242 4308 1463
261 4239 342 4296 Dem.
364 4244 406 4308 19,
430 4244 483 4310 69).
519 4245 741 4314 προχειρίζεσθαι
764 4261 819 4298 uno
844 4245 905 4298 loco
930 4243 1064 4298 Isocratis
1085 4241 1173 4308 VIII,
1199 4245 1248 4298 lat
1267 4246 1394 4314 proximo

176 4328 287 4382 accedit
306 4328 340 4382 ad
359 4329 501 4384 notionem
522 4330 653 4396 eligendi,
673 4329 721 4382 red
744 4347 779 4384 ue
798 4330 851 4382 hoc
870 4329 982 4398 quidem
1002 4331 1064 4384 loco
1082 4331 1117 4386 de
1132 4333 1229 4400 populi
1241 4338 1395 4404 χειροτονία,

176 4430 270 4468 sermo
289 4419 339 4484 est,
358 4414 393 4468 de
412 4433 466 4484 qua
484 4419 549 4468 ante
563 4415 710 4484 Polybium
729 4433 814 4470 nemo
827 4416 943 4470 verbum
962 4433 1110 4486 usurpasse
1124 4417 1235 4472 videtur
1247 4417 1279 4474 ol.
1296 4415 1394 4488 Polyb.

178 4503 202 4566 I,
224 4501 413 4568 11‚c;a,43‚
435 4501 1019 4568 1;c,100,cetloc,a;o,5a,tet4.
