3102 4910
537 991 650 1102 Vita
688 949 977 1128 scriptoris.¹

231 1334 461 1399 Richardus
492 1334 656 1418 Wagner
688 1339 783 1398 natus
815 1358 885 1400 sum
918 1335 996 1400 Kal.
1030 1334 1092 1398 Iul.
1126 1357 1155 1398 a.
1185 1333 1216 1396 h.
1245 1356 1269 1396 s.
1296 1333 1365 1398 LX

138 1437 323 1504 Parchimii
356 1442 450 1519 patre
482 1437 649 1501 Fridericc
680 1445 785 1502 matre
816 1440 933 1503 Emma
966 1461 983 1504 e
1015 1444 1111 1520 geute
1144 1436 1364 1517 Beckmanna,

139 1562 283 1625 quorum
306 1546 446 1624 utroque
468 1539 576 1604 adhuc
599 1540 723 1605 vivente
748 1543 885 1622 gaudeo.
929 1541 1042 1606 Prima
1063 1540 1223 1604 elementa
1241 1538 1365 1603 littera·

139 1667 216 1710 rum
245 1643 377 1708 inludo
400 1643 609 1708 elementario
632 1645 790 1726 gymnasii
814 1645 1055 1709 Parchimensis
1078 1643 1365 1708 Friderico-Frau-

140 1748 266 1812 ciscani
292 1746 406 1826 didici,
435 1748 510 1812 inde
540 1770 659 1812 nonum
690 1769 810 1811 aunum
841 1771 940 1830 agens
968 1749 1000 1811 iu
1028 1746 1229 1829 gymnasium
1259 1747 1365 1828 ipsum

140 1856 312 1933 promotus
348 1850 476 1914 ordines
508 1850 576 1913 eius
600 1849 709 1912 decem
740 1852 831 1914 aunis
863 1851 1059 1933 percucurri.
1111 1849 1197 1915 Vere
1227 1870 1256 1912 a.
1284 1849 1316 1912 h.
1339 1871 1363 1911 s,

142 1953 309 2018 LXXIX
334 1953 555 2016 testimonium
578 1953 776 2017 maturitatis
797 1954 934 2038 adeptus
950 1953 1147 2037 philologiae
1163 1963 1196 2018 et
1210 1952 1365 2016 historiae

140 2055 277 2119 studere
300 2057 464 2136 constitui,
488 2074 571 2138 quae
587 2055 777 2138 disciplinae
793 2058 944 2136 omnium,
969 2057 1086 2139 quibus
1108 2055 1250 2120 imbutus
1266 2077 1364 2134 eram,

139 2179 271 2240 semper
292 2160 431 2222 maxime
454 2181 504 2222 me
527 2160 729 2238 allicuerant,
754 2161 944 2242 praesertim
969 2182 1041 2224 cum
1064 2182 1084 2222 a
1100 2159 1364 2243 praeceptoribus

139 2261 274 2344 optimis
296 2261 356 2324 Dr.
381 2260 560 2326 Schmidtio
584 2267 616 2324 et
639 2261 759 2325 Meiero
783 2261 943 2327 directore
966 2263 1044 2327 mihi
1069 2262 1284 2327 traderentur.

230 2364 342 2445 Atque
362 2365 490 2428 initium
506 2364 687 2428 studiorum
702 2365 762 2428 feci
779 2365 959 2445 Rostochii,
982 2366 1016 2429 in
1031 2365 1213 2431 Academia
1228 2365 1363 2446 patriae,

138 2465 198 2528 ubi
220 2464 302 2530 duos
317 2489 428 2544 conoe,
453 2489 590 2548 quorum
606 2489 670 2530 uno
687 2467 849 2550 stipendia
865 2489 994 2550 quoque
1010 2469 1121 2547 merui,
1146 2472 1363 2532 commoratus

139 2590 276 2651 operam
309 2569 383 2633 dedi
417 2570 607 2650 Foerstero,
642 2570 841 2651 Fritzschio,
874 2569 1155 2646 Schirrmachem,
1189 2569 1229 2633 de
1260 2569 1362 2634 Stein.

140 2671 231 2738 Vere
253 2693 282 2734 a.
299 2671 329 2735 h.
347 2695 371 2736 s.
389 2672 554 2737 LXXXI
576 2673 723 2756 Lipsiam
747 2695 820 2738 oum
843 2675 1007 2756 petiissem
1030 2671 1094 2737 duo
1116 2696 1174 2757 per
1196 2673 1364 2736 semestris.

141 2771 304 2852 Curtium,
335 2774 505 2858 Largium,
536 2777 693 2859 Lipsium,
717 2776 756 2840 de
780 2776 945 2856 Noordeu‚
969 2775 1147 2858 Voigtium,
1171 2775 1362 2854 Wundium,

141 2876 317 2940 Heinsium
345 2877 470 2958 audivi,
501 2880 727 2961 seminariique
756 2880 902 2943 historici
932 2878 1163 2943 aNoordenio
1190 2877 1363 2960 temperati

140 2977 264 3042 sodalis
286 2978 341 3042 fui.
390 2979 475 3046 Vere
497 3004 526 3044 a.
544 2981 727 3046 LXXXII
749 2981 963 3045 Rostochium
985 3003 1132 3046 reversus
1147 3003 1247 3046 unum
1263 2981 1362 3044 etiam

140 3103 263 3145 anuum
279 3082 323 3146 ibi
340 3084 400 3165 egi.
434 3083 734 3149 Exercitationihus
746 3085 910 3148 seminarii
922 3083 1109 3167 philologici
1120 3082 1363 3148 Rostochieusis

140 3185 275 3250 interfui
307 3185 448 3268 quinque
471 3209 528 3269 per
550 3187 733 3262 semestris,
764 3187 902 3270 primum
930 3185 991 3249 sub
1014 3187 1167 3268 auspiciis
1189 3185 1365 3249 Fritzschii

141 3295 176 3353 et
193 3288 367 3368 Foersteri‚
382 3289 499 3354 deinde
515 3289 671 3369 Kaibelii‚
687 3290 833 3354 historici
849 3289 969 3354 sodalis
984 3288 1030 3352 fui
1044 3289 1109 3352 tria
1123 3311 1182 3372 per
1197 3289 1364 3352 semestris

139 3389 205 3456 suh
229 3391 382 3473 auspiciis
406 3391 671 3456 Schirrmacheri.
716 3393 843 3476 Quibus
869 3390 1017 3456 omnibus
1040 3391 1115 3454 viris
1138 3391 1364 3456 illustrissimis

138 3515 303 3560 summam
327 3495 467 3576 gratiam
490 3517 541 3558 me
564 3493 681 3559 dehere
704 3517 743 3559 ex
767 3495 874 3560 animo
897 3493 1060 3578 profiteor.

622 4395 897 4474 Cervimontii

338 4531 372 4568 ex
392 4515 507 4572 officina
525 4517 728 4586 typographica
746 4518 828 4584 ‚Bote
848 4543 876 4580 a.
901 4521 932 4582 d.
956 4503 1231 4582 Riesengobirge‘.
