3102 4910
762 237 780 295 6

673 323 874 332 ——u

171 427 212 502 οὗ
235 440 303 501 νῦν
325 437 431 522 λέγει
453 437 579 521 βέλτιον
600 435 737 522 poposcis,
771 438 876 520 Atqui
898 439 987 501 litem
1004 436 1210 501 Hierocleam
1230 446 1384 520 napum·

170 565 241 606 mus
263 549 335 625 post
355 542 435 606 illud
459 543 712 624 quinquennium
736 547 841 604 actem
857 562 935 618 esse,
960 548 1142 622 repugnant
1165 537 1273 620 verba,
1298 561 1384 622 quae

171 651 300 712 exstant
326 645 344 730 ξ
372 649 428 708 40:
473 641 545 709 τίνα
574 641 633 729 γὰρ
659 647 723 707 coir
750 641 888 730 ῥητόρων
916 629 1007 715 οὗτος
1036 636 1200 727 εἴργασταί
1225 667 1258 707 τι
1285 640 1387 707 κακὸν

169 751 322 812 τοσοῦτον
343 743 451 834 ἡλίκον
472 745 546 822 τοὺς
567 743 708 828 ἰδιώτας,
733 745 807 833 περὶ
830 735 874 810 ὧν
903 743 1100 832 ψιγγίοματα
1123 741 1251 832 γράψας
1281 742 1387 827 ἑάλως

170 848 243 916 τίνα
270 850 309 931 d’,
338 847 379 931 ἒξ
407 839 451 916 οὗ
484 855 548 914 νῦν
585 849 708 915 πάλιν
737 848 859 934 λέγει,
889 846 1027 934 κέκρικε·
1051 846 1183 936 &piscem
1239 851 1386 914 Primum

171 954 221 1018 his
241 954 347 1018 verbis
377 955 551 1036 opponitur
571 961 698 1036 tempus
722 953 817 1032 illud,
845 974 908 1033 quo
930 952 1161 1016 condemna-tus
1184 960 1232 1017 est
1256 953 1386 1018 Aristo·

171 1057 276 1138 giton,
305 1057 427 1120 ultimis
454 1057 578 1120 duobus
602 1058 709 1136 annis,
740 1077 863 1138 exque
886 1054 1024 1119 efficitur
1046 1055 1088 1118 ad
1109 1063 1255 1138 tempora
1276 1058 1397 1139 priora¹

172 1159 469 1228 condemnationem
497 1181 565 1223 esse
593 1159 802 1224 referendam.
847 1158 974 1222 Deinde
1002 1160 1278 1242 veroexpressim
1308 1161 1387 1224 dicit

172 1267 321 1347 scriptor,
348 1261 474 1326 duobus
501 1262 622 1325 ultimis
646 1265 739 1326 annis
762 1263 887 1326 nullum
909 1262 1070 1325 rhetorem
1093 1261 1134 1325 ab
1158 1262 1389 1344 Aristogitone

171 1371 205 1433 in
232 1369 281 1431 ius
308 1387 377 1429 esse
406 1371 572 1444 vocatum,
602 1365 773 1447 Hegemon
802 1371 911 1428 autem
932 1356 1044 1428 rhetor
1065 1363 1141 1443 fuit,
1171 1365 1281 1447 itaque
1295 1366 1386 1430 haec

173 1490 301 1555 quoque
329 1465 369 1532 lis
397 1473 472 1531 ante
501 1468 581 1530 illud
614 1469 816 1550 septennium
838 1467 966 1530 videtur
997 1486 1064 1529 esse
1086 1467 1247 1532 instituta.
1295 1468 1388 1552 Quae

173 1576 198 1640 si
221 1595 297 1637 vera
319 1578 403 1650 sunt,
428 1571 576 1650 efficitur,
600 1578 637 1635 ut
651 1571 819 1634 Eunomus
841 1570 906 1632 iam
925 1573 1080 1650 quattuor
1095 1571 1146 1633 vel
1161 1571 1269 1652 plures
1286 1593 1387 1636 annos

172 1677 341 1760 pensiones
364 1675 487 1760 solvere
510 1673 661 1753 omiserit,
687 1673 774 1756 quod
797 1694 895 1755 supra
918 1671 1054 1734 vidimus
1070 1672 1124 1735 vix
1140 1674 1293 1737 credibile
1310 1695 1390 1738 esse.

173 1781 245 1845 Iam
273 1799 347 1842 vero
377 1777 419 1840 ad
448 1777 544 1840 aliam
572 1777 674 1862 litem
691 1777 752 1840 nisi
778 1775 820 1839 ed
848 1775 1055 1839 Hierocleam
1084 1774 1164 1839 haec
1192 1777 1306 1858 capitis
1337 1777 1391 1842 de-

172 1883 307 1946 minutio
331 1879 444 1943 dubito
466 1901 542 1942 num
565 1881 667 1961 possit
690 1885 845 1962 spectare.
890 1878 974 1941 Nam
999 1878 1026 1940 si
1041 1877 1084 1940 ad
1100 1878 1198 1941 aliam
1211 1879 1390 1960 referimus

171 1985 252 2049 haec
280 2005 345 2046 nou
373 1987 448 2046 ante
472 1983 677 2046 Hierocleam
704 1988 778 2046 acta
802 2002 870 2044 esse
893 1985 1008 2063 potest.
1053 1980 1169 2062 Neque
1192 1988 1300 2046 tamen
1324 1983 1393 2046 ulla

174 2089 239 2152 elia
261 2092 546 2166 commemoratur,
577 2109 642 2168 que
665 2091 738 2168 post
758 2085 966 2148 Hierocleam
990 2083 1195 2165 Aristogiton
1219 2085 1392 2148 damnatus

175 2192 226 2254 sit.
270 2191 449 2254 Praeterea
478 2190 649 2253 verisimile
680 2210 745 2252 non
777 2193 840 2265 est,
874 2187 907 2248 in
941 2186 997 2250 lite
1031 2187 1098 2249 ulla
1132 2187 1393 2270 Aristogitonem

173 2295 277 2358 solum
300 2292 414 2375 capitis
437 2291 657 2356 deminutione
680 2291 713 2354 in
736 2290 989 2372 quinquennium
1005 2310 1122 2352 acuon
1138 2290 1236 2352 etiam
1254 2290 1391 2372 pecunia

173 2397 345 2460 multatum
373 2415 458 2474 esse,
487 2396 574 2476 quod
603 2396 636 2458 in
658 2393 805 2457 omnibus
829 2393 932 2456 causis
954 2391 1092 2473 publicis
1115 2391 1256 2456 Athenis
1280 2392 1388 2456 fiebat.

173 2499 224 2563 De
253 2499 357 2562 multa
385 2501 494 2560 autem
521 2502 594 2580 post
622 2497 712 2559 litem
734 2495 942 2559 Hierocles-m
971 2494 1000 2556 ei
1026 2494 1177 2576 imposita
1200 2517 1304 2559 sermo
1328 2517 1392 2560 uon

174 2607 231 2665 est.
276 2601 394 2682 Itaque
426 2599 606 2682 putandum
642 2605 704 2678 est,
737 2619 809 2661 eum
838 2597 872 2660 in
903 2597 958 2660 lite
989 2597 1164 2661 Hierocles
1195 2620 1260 2661 non
1288 2599 1392 2662 solum

174 2704 316 2786 quinque
338 2703 480 2781 talentis,
504 2703 561 2766 sed
584 2703 681 2766 etiam
706 2701 820 2783 capitis
843 2699 1058 2764 deminutione
1081 2702 1114 2764 in
1130 2702 1390 2783 quinquennium

173 2807 433 2870 multatumesse.
451 2805 575 2869 Temen
584 2827 688 2888 neque
697 2803 1281 2886 argumentiscriptornecDinarchus
1292 2804 1388 2867 huius

174 2910 220 2973 rei
242 2909 435 2972 mentionem
457 2907 540 2971 fecit.
585 2907 623 2970 cf.
647 2907 723 2970 Din.
746 2905 793 2985 Il,
819 2910 855 2967 12
878 2899 960 2968 ὥσθ’
984 2900 1075 2988 ὑμᾶς,
1099 2903 1214 2992 ἐπειδὴ
1232 2905 1292 2992 ’τὴν
1314 2901 1388 2994 ἀλή-

172 3015 268 3076 θειαν
294 3007 464 3074 ἐπύθεσθε
492 3008 583 3095 παρὰ
608 3013 672 3074 τῶν
699 3004 898 3091 κατηγόρων,
934 3005 1030 3072 πέντε
1058 3006 1223 3072 ταλάντων
1252 3013 1385 3096 τιμῆσαι

173 3112 285 3198 τούτῳ,
314 3110 454 3195 ὅσονπερ
475 3102 512 3199 ἦν
540 3111 598 3176 εἰτὶ
625 3116 666 3200 τῇ
693 3115 758 3175 τῶν
788 3107 983 3194 παρανόμων
1005 3115 1111 3200 γραφῇ·
1132 3107 1255 3199 τίμημα
1278 3109 1383 3195 ἐπιγε-

174 3213 367 3302 γραγιγιένον,Ι
407 3216 545 3280 Accedit
573 3216 660 3297 quod
688 3237 739 3278 res
767 3215 836 3295 ipsa
859 3215 954 3296 plane
976 3215 1123 3279 inaudita
1145 3223 1202 3280 est.
1228 3215 1386 3280 vNullum

175 3320 257 3383 enim
288 3324 394 3383 exstat
422 3320 616 3401 exemplum,
651 3319 684 3381 in
716 3317 883 3399 republica
915 3319 1109 3382 Atheniensi
1143 3320 1259 3401 cepitis
1293 3318 1391 3382 demi-

174 3423 339 3486 nutionem
363 3423 397 3485 iu
426 3427 495 3485 tam
522 3422 619 3485 breve
646 3427 773 3503 tempus
796 3421 947 3502 cuiquam
970 3443 1039 3486 esse
1062 3423 1249 3504 irrogatam.
1296 3419 1389 3504 Quae

174 3547 247 3589 cum
269 3525 316 3588 ita
339 3525 412 3605 sint,
436 3523 585 3605 equidem
607 3524 729 3588 nullam
753 3523 849 3586 aliam
873 3523 966 3588 video
989 3525 1082 3604 viam,
1107 3546 1171 3606 qua
1195 3546 1251 3588 uos
1277 3547 1316 3588 ex
1340 3525 1390 3588 his

174 3627 418 3692 difficultatibus
449 3627 659 3709 explicemus,
691 3627 752 3689 nisi
782 3631 818 3688 ut
847 3627 1078 3704 concedamus,
1111 3628 1274 3692 rhetorem
1306 3627 1391 3691 hene

173 3731 309 3795 multam
332 3737 365 3796 et
384 3731 446 3795 hoc
468 3729 622 3812 temporis
646 3729 787 3810 spatium
810 3728 873 3791 sibi
896 3728 1036 3794 finxisse.

191 3879 197 3894 ι
259 3834 406 3898 Tertium
443 3833 541 3896 etiam
578 3831 721 3895 debitum
759 3830 1007 3913 Aristogitonis,
1047 3831 1205 3896 nescimus
1245 3853 1309 3913 qua
1346 3831 1387 3896 de

174 3957 280 4016 cause,
299 3937 332 4000 in
349 3937 473 4002 aerario
489 3935 617 4018 publico
633 3935 823 4018 inscriptum
835 3941 905 3998 erat
927 3935 968 3999 ab
983 3935 1207 4016 Aristogitone
1232 3934 1385 4016 quodam,

176 4059 271 4122 quem
294 4045 403 4103 tamen
426 4039 479 4102 ille
504 4045 722 4117 accusaverat,
747 4036 834 4120 quod
856 4037 974 4102 iniuria
997 4061 1029 4103 se
1052 4039 1275 4119 inscripsisset.

260 4142 399 4219 Scimus,
422 4142 455 4205 id
484 4141 571 4224 quod
594 4141 780 4205 Boeekhius
809 4139 1006 4223 (Urkundeu
1036 4141 1116 4204 iiber
1138 4140 1197 4204 das
1221 4139 1390 4205 Seewesen

173 4267 204 4328 p.
237 4249 297 4308 536
333 4245 396 4329 sq.)
430 4244 609 4309 luculenter
642 4243 889 4322 demonstravit,
929 4243 1061 4309 verbum
1095 4243 1261 4326 proprium
1295 4243 1391 4306 buius

174 4347 310 4410 actionis
347 4345 446 4409 fuisse
483 4344 606 4434 ypurplp
636 4345 891 4432 ψευδεγγραιγῆς,
928 4348 960 4411 in
999 4346 1061 4410 hac
1098 4351 1206 4408 autem
1245 4346 1391 4408 oratioue

175 4449 264 4540 (cf.§
289 4453 327 4512 71
345 4459 409 4532 sq.)
425 4447 530 4535 γραφὴ
546 4445 740 4532 βουλεύσεως
755 4453 898 4528 vocatur,
922 4471 1006 4532 quae
1027 4448 1259 4513 intendebatur
1281 4447 1314 4510 in
1337 4467 1391 4510 eos
