3102 4910
730 185 770 246 23

148 379 168 466 ξ
207 385 249 446 60
286 402 335 465 sq.
374 382 529 467 depinxit.
589 383 713 470 Quodsi
751 387 937 454 Dinarchus
975 386 1067 466 dicit,
1104 385 1195 450 illum
1231 382 1273 449 ab
1309 383 1359 464 iis,

149 483 203 568 qui
234 485 268 550 in
300 505 429 551 carcere
462 485 611 568 lusissent,
645 491 730 555 omni
763 489 952 555 commercio
986 489 1148 552 exclusum
1181 507 1267 566 csse,
1300 483 1359 550 fal·

146 589 248 653 snrius
289 589 382 654 nohis
420 591 574 674 proponit
609 593 714 677 ipsum
751 593 915 660 decretum
954 613 1018 674 quo
1055 590 1117 656 hoc
1149 589 1359 654 constitutum

145 691 201 770 sit,
235 711 304 756 rem
337 690 432 774 plane
465 693 651 777 ridiculam,
691 697 752 762 nisi
788 697 872 762 forte
902 693 1083 780 putandum
1111 698 1159 758 est
1191 691 1253 758 hoo
1286 711 1359 756 oon·

144 799 274 858 sentum
305 799 462 877 tunquam
496 797 608 880 populi
640 798 806 865 decretum
837 801 870 864 in
901 797 1023 864 tabulis
1053 795 1190 862 incisum
1219 800 1251 860 et
1284 815 1358 858 oon·

143 901 306 961 servatnm
332 917 410 962 esse.
455 899 496 964 cf.
523 899 599 965 Din.
630 905 660 981 9,
684 905 703 964 9
730 905 866 967 τοιαῦτα
893 897 1097 988 τολμήσαντα
1119 900 1226 962 ποιεῖν
1247 889 1356 976 αὐτοῦ,

142 993 217 1062 ὥστ’
246 993 384 1075 ἐκείνους
411 993 765 1089 ἀποψηφίσασθαι
793 1002 872 1092 μήτε
899 1005 979 1086 ιτῦρ
1005 998 1128 1067 ἐναύειν
1154 995 1258 1084 τούτῳ
1278 993 1358 1084 μήτε

140 1105 350 1166 συσσιτεῖν
369 1101 489 1190 μηδένα
509 1103 590 1193 μήτε
610 1109 736 1172 θυσιῶν
757 1110 822 1172 τῶν
843 1102 1033 1191 γιγνομένων
1054 1102 1263 1168 κοινωνεῖν
1284 1120 1357 1163 oum

141 1209 191 1286 96,
228 1210 267 1270 61
299 1203 354 1270 καὶ
379 1203 462 1288 μετὰ
486 1210 590 1272 ταῦτα
621 1205 868 1296 ψηφίζονται
897 1207 972 1294 περὶ
1004 1202 1104 1272 αὐτοῦ
1136 1205 1240 1268 ταῦτα
1266 1195 1296 1266 oi
1323 1197 1357 1265 ἐν

139 1309 186 1394 τῷ
207 1301 368 1396 οἰκήματι,
387 1306 432 1396 μὴ
448 1307 550 1396 nupti
557 1331 588 1390 ς,
611 1311 656 1400 μὴ
671 1310 793 1393 λύχνου,
820 1310 863 1400 μὴ
879 1313 994 1392 ποτοῦ,
1016 1306 1060 1397 μὴ
1080 1307 1206 1394 βρωτοῦ
1218 1301 1354 1392 μηδενὸς

138 1407 257 1495 μηδένα
286 1407 390 1498 τούτῳ
423 1419 649 1496 κοινωνεῖν,
686 1414 767 1504 μηδὲ
800 1412 983 1498 λαμβάνειν,
1019 1405 1096 1499 μηδ’
1127 1403 1225 1474 αὐτὸν
1251 1404 1355 1493 τούτῳ

139 1510 271 1578 διδόναι.
306 1519 339 1578 et
354 1513 373 1600 ξ
389 1519 429 1579 62
446 1510 613 1602 ἀνάγνωθι
629 1517 669 1606 δὴ
691 1517 748 1584 καὶ
762 1516 852 1582 τουτὶ
866 1514 905 1583 τὸ
920 1512 1020 1581 καλὸν
1034 1511 1110 1600 περὶ
1125 1506 1225 1577 αὐτοῦ
1239 1506 1353 1595 δόγμα.

222 1615 315 1682 Haec
341 1619 448 1684 omnia
476 1641 541 1686 non
568 1643 669 1706 supra
695 1622 836 1686 rhetoris
858 1619 1001 1684 indolem
1022 1618 1102 1682 mihi
1124 1615 1274 1680 videntur
1296 1633 1356 1678 nec

137 1722 222 1784 recte
263 1717 426 1786 Blossium
468 1721 488 1808 ξ
539 1727 630 1788 64-
646 1729 686 1790 61
733 1723 858 1789 oratori
904 1721 1113 1803 adscripsisse
1161 1715 1354 1800 putaverim.

138 1817 228 1903 Quae
254 1821 370 1888 deinde
399 1823 433 1910 (ξ
456 1825 512 1910 66)
541 1825 581 1892 de
608 1833 714 1894 metm
740 1827 862 1892 liberta
890 1831 990 1906 atque
1017 1824 1050 1888 in
1072 1823 1130 1888 lile
1152 1813 1355 1885 ἀποστασίου

137 1921 348 1989 condemnata
362 1933 546 2010 narrantur,
569 1929 643 1994 ideo
658 1930 878 2011 suspicionem
892 1929 1047 2006 excitant,
1071 1924 1156 2010 quod
1172 1921 1356 1988 Dinarchus

138 2045 175 2090 nc
204 2025 354 2092 dubitare
382 2030 513 2112 quidem
535 2032 678 2112 videtur,
711 2035 793 2114 quin
814 2030 1026 2114 Aristogiton
1054 2028 1195 2114 legitime
1217 2024 1260 2090 ad
1281 2025 1356 2090 civi·

136 2131 234 2194 tatem
261 2133 444 2212 pervenerit
471 2133 524 2219 (ol.
549 2134 626 2200 Din.
654 2139 684 2215 9,
709 2139 751 2198 26
774 2128 795 2222 ἢ
816 2131 998 2220 στρατηγὸν
1018 2125 1038 2219 ἢ
1059 2131 1174 2221 ῥήτορα
1196 2123 1356 2216 πολίτην).

137 2229 175 2296 Id
196 2252 334 2315 quoque,
356 2235 444 2317 quod
467 2235 601 2304 fratrem
624 2237 703 2302 dicit
725 2259 791 2302 non
813 2240 918 2304 solum
942 2237 1059 2304 eadem
1080 2243 1182 2302 matre
1198 2240 1231 2300 et
1245 2231 1357 2300 eodem

135 2339 227 2415 patre
257 2341 383 2417 natum,
414 2338 471 2403 sed
500 2341 597 2404 etiam
620 2339 787 2424 geminum
806 2339 895 2407 illius
917 2362 1004 2423 esse,
1033 2342 1198 2408 rhetorem
1220 2337 1355 2404 redolet.

135 2435 188 2520 (oi.
211 2437 231 2524 ξ
255 2443 294 2502 79
321 2433 461 2528 ἀδελφὸς
489 2437 522 2506 δ’
546 2438 617 2508 ἐστὶ
645 2438 763 2508 τούτου
784 2437 983 2532 ὁμομήτριος
1003 2443 1060 2510 καὶ
1081 2438 1280 2529 ὁμοπάτριος
1300 2439 1356 2508 καὶ

135 2536 232 2622 πρὸς
252 2543 334 2616 τοῖς
356 2536 490 2619 ἄλλοις
510 2549 650 2623 κακοῖς
672 2539 864 2633 δίδυμος).
901 2545 1088 2612 Histon'ola
1101 2567 1176 2612 vero
1191 2545 1231 2611 dc
1245 2545 1356 2612 fratris

134 2663 205 2708 cnm
228 2642 391 2710 Theoride
406 2645 546 2712 Lemnia
568 2647 805 2714 cousuetudine
827 2649 862 2734 (ξ
879 2652 920 2712 79
935 2648 1000 2733 sq.)
1022 2649 1194 2714 manifesta
1215 2649 1356 2716 rhetoris

134 2746 240 2810 omnia
272 2747 501 2830 amplificantis
537 2751 678 2834 vestigia
709 2749 781 2814 fert.
826 2749 882 2835 (ci.
905 2748 963 2815 καὶ
984 2745 1084 2847 αὐτὴν
1105 2748 1161 2816 καλ
1182 2747 1225 2818 τὸ
1250 2748 1356 2836 γένος

133 2844 155 2912 δι’
161 2872 241 2912 παν
263 2842 500 2937 ἀπεκτείνατε).

216 2949 282 3018 Sed
304 2953 357 3016 vix
379 2974 498 3036 operae
527 2956 671 3040 pretium
693 2958 756 3034 est,
786 2975 897 3018 omnes
925 2973 978 3019 res
1000 2954 1144 3038 singulas
1166 2955 1355 3040 diligentius

133 3053 321 3136 expendere.
367 3055 575 3139 Argumenta
608 3057 770 3135 firmiora,
805 3077 890 3139 quae
925 3057 1085 3140 genuitati
1118 3058 1274 3124 orationis
1306 3081 1355 3124 re·

132 3161 287 3238 pugnant,
310 3156 520 3244 inveniemus,
545 3159 573 3224 si
596 3162 667 3226 eius
690 3157 819 3224 dicendi
837 3179 939 3244 genus
954 3158 1066 3244 paullo
1082 3161 1266 3228 accuratius
1281 3181 1355 3225 con·

131 3255 352 3324 siderahimns.
