3102 4910
751 237 792 304 46

676 330 879 340 -μ-...ι--ι

250 435 375 508 Morem
398 459 535 527 quoqne,
560 461 655 528 quem
670 447 909 530 Demosthenes
925 447 1052 530 saepius
1067 447 1182 512 ceteris
1198 442 1383 512 oratoribus

164 544 324 626 sequitur,
359 547 423 611 duo
452 548 551 612 verba
579 569 639 632 pro
673 572 739 614 una
766 552 898 615 notione
932 551 1089 633 ponendi,
1125 551 1237 614 rhetor
1271 549 1383 615 multis

164 644 244 712 loeis
270 648 417 714 imitatus
446 656 503 716 est.
557 651 596 715 of.
625 652 644 737 ξ
671 657 691 716 8
720 648 870 737 αἰσχύνην
897 651 953 716 καὶ
983 647 1115 732 ἀδοξίαν
1143 675 1215 717 oum
1251 657 1298 732 19,
1322 658 1383 731 83,

165 747 184 834 ξ
209 753 249 812 38
278 750 572 836 παρακρούσασθαι
603 751 659 818 καί
693 751 865 841 φενακίσαι
892 759 1036 834 (11111120,
1061 759 1101 818 88
1125 756 1197 820 aliis
1220 756 1299 820 loeis
1323 755 1380 841 (ol.

165 853 271 917 Rehd.
301 853 374 917 Ind.
401 855 439 920 II
470 877 495 919 s.
520 878 549 919 v.
573 853 780 943 φενακίζειν),
809 858 827 943 ξ
854 862 896 922 46
925 855 1101 943 πράγματα
1123 857 1180 922 καὶ
1201 856 1288 922 κακοί
1310 881 1385 922 enm

166 959 217 1036 21,
242 961 298 1034 17,-
320 954 339 1041 §
363 961 402 1020 92
426 956 531 1043 σαφὲς
553 957 608 1022 καὶ
631 956 757 1045 ἐναργές
778 982 850 1024 oum
874 964 923 1040 14,
947 964 969 1024 4
991 967 1023 1025 et
1045 966 1094 1041 19,
1118 965 1197 1040 263,
1221 961 1239 1046 ξ
1264 964 1304 1024 39
1327 959 1385 1026 τὸν

164 1056 332 1141 κρινοῦντά
359 1082 449 1135 τινας
479 1059 535 1125 καὶ
558 1061 841 1149 συκοφαντήσοντα
864 1085 936 1127 oum
959 1067 1009 1143 36,
1034 1067 1073 1126 53
1096 1067 1306 1150 συκοφαντῶν
1327 1061 1385 1128 καὶ

165 1153 280 1242 κρίνων
311 1159 411 1237 τινάς.
466 1163 583 1230 Paullo
619 1171 693 1248 post
722 1167 821 1231 verba
849 1166 1015 1249 leguntur:
1045 1161 1102 1230 τὸν
1128 1164 1385 1254 κατηγορήσοντα

165 1264 230 1324 τῶν
252 1257 357 1328 ἄλλων
378 1263 434 1330 καί
457 1265 585 1341 πάντας
606 1271 782 1353 κρινοῦντα,
811 1290 895 1353 quae
917 1267 1125 1350 amplificatio
1148 1270 1201 1332 vix
1224 1276 1301 1352 apta
1324 1276 1384 1334 est.

165 1364 251 1429 Aliis
279 1388 406 1450 qnoque
434 1369 513 1432 loeis
541 1369 652 1434 rhetor
680 1371 714 1434 in
744 1371 806 1435 hoo
839 1393 899 1434 usu
932 1368 1088 1435 imitando
1117 1371 1240 1435 cecidit.
1290 1371 1385 1436 Duos

165 1489 264 1551 snpra
296 1469 361 1534 iam
395 1472 489 1554 attigi
530 1473 569 1538 of.
598 1473 617 1558 §
649 1477 686 1536 13
713 1471 974 1546 κατατάττοντας
1006 1471 1062 1538 καὶ
1094 1472 1387 1560 προχειριζομένους

167 1576 200 1634 et
227 1570 245 1657 ξ
274 1575 313 1635 14
343 1566 419 1638 δότε
449 1572 505 1639 καὶ
535 1573 772 1662 συγχωρήσατε,
803 1576 868 1640 alia
902 1577 1047 1659 exempla
1080 1577 1244 1640 Braunius
1274 1577 1388 1640 attulit

166 1672 212 1758 (p.
246 1673 319 1758 14),
359 1677 414 1758 qni
447 1683 557 1742 tamen
589 1699 654 1742 non
686 1679 815 1744 dubitat
849 1679 933 1744 hano
970 1679 1204 1744 abundantiam
1237 1678 1387 1743 inutilem

166 1777 291 1866 oratori
313 1780 452 1860 genuino
475 1782 628 1846 tribuere.

250 1878 422 1946 Aooedunt
443 1883 577 1948 deornm
599 1885 845 1963 obtestationes,
875 1904 957 1966 quae
979 1883 1094 1966 viginti
1120 1883 1198 1948 loeis
1222 1869 1383 1948 orationis

165 1986 279 2045 extant
301 1982 355 2067 (of.
373 1984 536 2050 Braunius
559 2010 590 2070 p.
607 1990 662 2073 30)
680 1995 713 2052 et
726 1987 892 2068 formulae,
916 1986 1033 2069 quibus
1049 1985 1171 2050 iudices
1187 1987 1384 2069 apellantur,

164 2083 254 2148 velut
275 2089 428 2150 σκοπεῖτε
449 2087 477 2152 δ’
501 2083 619 2154 οὑτωσί
642 2090 674 2176 (ξ
697 2091 731 2175 3)
755 2089 795 2154 ef.
812 2088 944 2174 etiam§
968 2091 1018 2168 34,
1036 2092 1087 2168 38,
1109 2092 1160 2164 50,
1186 2092 1235 2168 72,
1259 2092 1311 2170 86,
1329 2093 1383 2152 96.

165 2185 260 2252 Haeo
289 2209 417 2272 quoque
447 2191 571 2256 lumina
598 2193 725 2276 saepius
759 2191 911 2257 adhibuit
941 2211 1039 2272 quam
1067 2191 1304 2256 Demosthenes
1333 2192 1388 2254 vel

166 2290 265 2354 eeteri
291 2292 498 2379 oratores.²⁹)
548 2295 698 2376 Denique
728 2300 816 2360 totus
851 2300 900 2358 est
930 2295 963 2358 in
990 2293 1154 2358 imitandis
1186 2291 1383 2371 oratoribus

165 2391 437 2458 Demosthenieae
465 2399 540 2460 vero
569 2396 717 2462 dictionis
747 2398 920 2480 imaginem
950 2403 1018 2461 tam
1041 2401 1192 2460 accurate
1214 2397 1383 2477 expressit,

166 2499 202 2558 ut
234 2517 339 2580 neque
373 2495 455 2560 illud
489 2492 562 2562 οὐδὲ
594 2499 718 2562 πολλοῦ
746 2498 810 2578 δεῖ,
852 2499 939 2582 qnod
970 2505 1099 2581 praeter
1128 2498 1384 2562 Demosthenem

167 2598 273 2662 nullus
303 2600 384 2664 alius
412 2606 522 2665 orator
549 2601 681 2666 Atticus
708 2603 879 2684 temptavit
907 2601 962 2683 (of.
989 2602 1093 2666 Rehd.
1123 2601 1196 2664 Ind.
1226 2600 1265 2664 II
1295 2622 1319 2664 s.
1354 2623 1384 2664 v.

167 2699 255 2786 δέω),
277 2723 381 2784 neque
403 2696 471 2767 ἀλλ’
495 2698 561 2768 οὐδ’
584 2699 700 2784 ὁτιοῦν,
727 2703 813 2787 quod
827 2725 891 2767 uno
907 2703 977 2768 loeo
994 2704 1223 2768 Demosthenis
1239 2724 1297 2785 pro
1314 2697 1385 2766 οὐδ’

166 2799 275 2868 ὁτιοῦν
296 2803 414 2888 legitur
436 2807 490 2890 (of.
513 2813 565 2888 21,
590 2810 675 2892 114),
699 2808 863 2873 omitteret
886 2807 1032 2892 (111685
1056 2811 1143 2870 ε187
1162 2800 1236 2868 οὐδὲ
1258 2805 1387 2868 πολλοῦ

168 2905 226 2988 δεῖ,
250 2907 269 2994 ξ
292 2911 311 2971 5
334 2902 402 2972 ἀλλ’
427 2903 499 2973 οὐδ’
522 2905 653 2994 ὁτιοῦν).

257 3147 294 3218 ⁸⁹)
313 3147 348 3202 In
366 3148 502 3215 Midiana,
525 3167 593 3218 quae
612 3150 738 3203 omnium
756 3149 918 3204 orationum
936 3145 1219 3202 Demosthenioerum
1237 3149 1387 3202 vehemen-

168 3235 279 3288 tissima
301 3239 357 3301 est,
379 3236 482 3305 viginti
507 3241 641 3304 quattuor
663 3237 732 3290 loeis
751 3237 866 3290 deornm
885 3235 1089 3289 obtestationes
1109 3236 1292 3290 inveniuntur
1310 3237 1338 3305 (ξ
1359 3239 1386 3301 2,

169 3325 193 3386 3,
219 3323 261 3388 25,
284 3324 327 3388 41,
349 3324 392 3388 48,
410 3323 452 3388 58,
470 3326 511 3389 66,
530 3325 571 3386 73,
590 3325 632 3390 89,
651 3325 685 3376 98
703 3324 779 3393 (bis),
797 3324 838 3386 99,
861 3325 916 3387 108,
939 3324 994 3388 109,
1016 3323 1150 3386 1311148,
1172 3323 1228 3386 160,
1249 3324 1305 3385 166,
1326 3325 1385 3388 172,

170 3411 219 3464 198
238 3399 319 3480 (bis),
338 3411 403 3476 205,
423 3410 482 3474 207,
500 3411 575 3479 222),
600 3411 686 3464 inor.
707 3408 813 3464 XVIII
831 3409 1001 3476 quindecim,
1023 3408 1096 3462 XIX
1113 3408 1228 3477 viginti,
1254 3406 1310 3459 XX
1328 3412 1386 3460 tre-

170 3495 274 3560 decim,
298 3494 402 3548 XXIII
427 3495 599 3563 quindecim,
628 3495 729 3550 XXIV
752 3495 901 3550 duodecim
923 3495 1002 3563 loeis;
1027 3496 1056 3548 in
1079 3493 1285 3562 Androtionea,
1309 3511 1384 3560 quae

125 3629 132 3636 .
169 3582 243 3635 haud
259 3582 301 3635 ita
319 3583 409 3635 multo
428 3582 539 3635 brevior
557 3587 601 3635 est
620 3599 707 3651 quam
722 3581 938 3649 Aristogitonis,
958 3582 1048 3635 tribus
1070 3584 1180 3632 tantum
1197 3579 1266 3631 loeis
1285 3569 1404 3632 extant¹

169 3668 388 3738 mmmm
1066 3661 1068 3670 “

256 3755 304 3808 Ad
322 3761 447 3809 σκοπεῖτε
466 3751 490 3807 δ’
514 3751 617 3808 οὑτωσί
635 3753 738 3807 similia
756 3755 791 3808 of.
809 3753 889 3808 Dem.
905 3756 943 3819 18,
963 3757 997 3807 48
1015 3759 1044 3806 et
1062 3755 1113 3806 300
1132 3757 1255 3805 σκοπεῖτε
1275 3749 1312 3816 δέ,
1333 3753 1387 3805 244

168 3836 269 3893 οὑτωσὶ
293 3839 323 3894 δὲ
346 3842 500 3914 λογίζεσθε,
528 3843 578 3894 322
600 3838 681 3912 ὁρᾶτε
707 3838 745 3896 δὲ.
764 3843 811 3904 ’19,
830 3841 872 3905 53,
895 3841 954 3908 256,
973 3843 1025 3894 278
1043 3843 1167 3894 σκοπεῖτε
1184 3838 1250 3911 γάρ,
1277 3840 1326 3890 148
1344 3841 1386 3892 ἔτι

166 3931 259 3978 τοίνυν
276 3923 382 3982 κάκεῖνο
401 3929 554 3999 σκέψασθε,
577 3929 628 3980 205
649 3927 800 3982 θεάσασθε
819 3924 861 3992 δή,
888 3928 939 3978 213
958 3931 999 3981 ἔτι
1017 3933 1108 3980 τοίνυν
1125 3921 1230 3978 κάκεῖνο
1248 3930 1385 3990 σκοπεῖτε,

168 4011 211 4074 20,
229 4013 261 4063 21
281 4009 361 4082 ὁρᾶτε
381 4011 404 4067 δ’
428 4011 540 4080 οὑτωσί,
559 4016 601 4078 21,
620 4015 654 4064 56
672 4019 734 4084 φέρε
755 4013 788 4082 δὴ
806 4009 873 4082 πρὸς
892 4012 969 4066 θεῶν
990 4009 1097 4066 κάκεῖνο
1116 4013 1272 4084 σκέψασθε,
1290 4013 1332 4074 22,
1351 4013 1388 4064 60

170 4092 314 4167 σκέψασθε
331 4100 386 4172 γὰρ
404 4097 466 4168 ὡδί,
486 4103 528 4168 23,
546 4103 579 4152 67
599 4102 744 4170 σκέψασθε
761 4103 815 4178 γὰρ
835 4095 936 4152 οὑτωσί
955 4099 1023 4170 016
1044 4100 1100 4152 130.

676 4373 880 4394 ΜΛΛΛΛΜΜ
