<?xml version="1.0" encoding="UTF-8"?>
<!DOCTYPE html PUBLIC "-//W3C//DTD XHTML 1.0 Transitional//EN"
    "http://www.w3.org/TR/xhtml1/DTD/xhtml1-transitional.dtd">
<html xmlns="http://www.w3.org/1999/xhtml" xml:lang="en" lang="en">
 <head>
  <title>
</title>
<meta http-equiv="Content-Type" content="text/html;charset=utf-8" />
  <meta name='ocr-system' content='tesseract 3.04.00' />
  <meta name='ocr-capabilities' content='ocr_page ocr_carea ocr_par ocr_line ocrx_word'/>
</head>
<body>
  <div class='ocr_page' id='page_1' title='image "./depriorequaedem00wagngoog_0037.png"; bbox 0 0 3102 4910; ppageno 0'>
   <div class='ocr_carea' id='block_1_1' title="bbox 172 231 1398 2466">
    <p class='ocr_par' dir='ltr' id='par_1_1' title="bbox 762 231 803 292">
     <span class='ocr_line' id='line_1_1' title="bbox 762 231 803 292; baseline 0.024 -1"><span class='ocrx_word' id='word_1_1' title='bbox 762 231 803 292; x_wconf 91' lang='grc'>28</span> 
     </span>
    </p>

    <p class='ocr_par' dir='ltr' id='par_1_2' title="bbox 180 431 1391 722">
     <span class='ocr_line' id='line_1_2' title="bbox 183 431 1391 520; baseline -0.001 -23"><span class='ocrx_word' id='word_1_2' title='bbox 183 431 341 520; x_wconf 84' lang='grc' dir='ltr'><em>παύηται)</em></span> <span class='ocrx_word' id='word_1_3' title='bbox 370 434 590 497; x_wconf 79' lang='lat' dir='ltr'>accusationes</span> <span class='ocrx_word' id='word_1_4' title='bbox 617 432 823 498; x_wconf 85' lang='lat' dir='ltr'>institueret?</span> <span class='ocrx_word' id='word_1_5' title='bbox 868 433 913 498; x_wconf 83' lang='lat' dir='ltr'>Et</span> <span class='ocrx_word' id='word_1_6' title='bbox 935 432 1013 515; x_wconf 91' lang='lat' dir='ltr'>quid</span> <span class='ocrx_word' id='word_1_7' title='bbox 1035 433 1097 497; x_wconf 87' lang='lat' dir='ltr'>fuit</span> <span class='ocrx_word' id='word_1_8' title='bbox 1119 454 1176 497; x_wconf 91' lang='lat' dir='ltr'>eur</span> <span class='ocrx_word' id='word_1_9' title='bbox 1198 433 1232 496; x_wconf 91' lang='lat' dir='ltr'>in</span> <span class='ocrx_word' id='word_1_10' title='bbox 1254 433 1314 497; x_wconf 90' lang='lat' dir='ltr'>hac</span> <span class='ocrx_word' id='word_1_11' title='bbox 1334 433 1391 496; x_wconf 91' lang='lat' dir='ltr'>lite</span> 
     </span>
     <span class='ocr_line' id='line_1_3' title="bbox 180 535 1391 619; baseline 0.001 -21"><span class='ocrx_word' id='word_1_12' title='bbox 180 535 332 600; x_wconf 85' lang='lat' dir='ltr'>invidiam</span> <span class='ocrx_word' id='word_1_13' title='bbox 353 536 495 610; x_wconf 84' lang='lat' dir='ltr'>timeret,</span> <span class='ocrx_word' id='word_1_14' title='bbox 526 556 598 600; x_wconf 89' lang='lat' dir='ltr'>cum</span> <span class='ocrx_word' id='word_1_15' title='bbox 626 557 645 598; x_wconf 91' lang='lat' dir='ltr'>a</span> <span class='ocrx_word' id='word_1_16' title='bbox 672 537 793 619; x_wconf 88' lang='lat' dir='ltr'>populo</span> <span class='ocrx_word' id='word_1_17' title='bbox 817 536 888 619; x_wconf 90' lang='lat' dir='ltr'>ipso</span> <span class='ocrx_word' id='word_1_18' title='bbox 917 536 1036 600; x_wconf 88' lang='lat' dir='ltr'>electus</span> <span class='ocrx_word' id='word_1_19' title='bbox 1058 541 1143 600; x_wconf 89' lang='lat' dir='ltr'>esset</span> <span class='ocrx_word' id='word_1_20' title='bbox 1165 535 1208 599; x_wconf 87' lang='lat' dir='ltr'>ad</span> <span class='ocrx_word' id='word_1_21' title='bbox 1230 535 1391 600; x_wconf 91' lang='lat' dir='ltr'>hominem</span> 
     </span>
     <span class='ocr_line' id='line_1_4' title="bbox 181 636 1390 722; baseline 0 -20"><span class='ocrx_word' id='word_1_22' title='bbox 181 637 395 704; x_wconf 86' lang='lat' dir='ltr'>accusandum</span> <span class='ocrx_word' id='word_1_23' title='bbox 409 637 555 702; x_wconf 91' lang='lat' dir='ltr'>omnibus</span> <span class='ocrx_word' id='word_1_24' title='bbox 568 639 702 702; x_wconf 90' lang='lat' dir='ltr'>invisum</span> <span class='ocrx_word' id='word_1_25' title='bbox 716 646 748 702; x_wconf 92' lang='lat' dir='ltr'>et</span> <span class='ocrx_word' id='word_1_26' title='bbox 766 660 859 721; x_wconf 91' lang='lat' dir='ltr'>aquo</span> <span class='ocrx_word' id='word_1_27' title='bbox 872 640 940 721; x_wconf 90' lang='lat' dir='ltr'>ipse</span> <span class='ocrx_word' id='word_1_28' title='bbox 953 639 1138 722; x_wconf 84' lang='lat' dir='ltr'>saepissime</span> <span class='ocrx_word' id='word_1_29' title='bbox 1149 645 1283 702; x_wconf 85' lang='lat' dir='ltr'>vexatus</span> <span class='ocrx_word' id='word_1_30' title='bbox 1298 636 1390 702; x_wconf 87' lang='lat' dir='ltr'>erat?</span> 
     </span>
    </p>

    <p class='ocr_par' dir='ltr' id='par_1_3' title="bbox 172 739 1398 2466">
     <span class='ocr_line' id='line_1_5' title="bbox 267 739 1392 826; baseline -0.002 -20"><span class='ocrx_word' id='word_1_31' title='bbox 267 741 391 826; x_wconf 77' lang='lat' dir='ltr'>Quodsi</span> <span class='ocrx_word' id='word_1_32' title='bbox 423 741 494 822; x_wconf 90' lang='lat' dir='ltr'>quis</span> <span class='ocrx_word' id='word_1_33' title='bbox 524 741 631 806; x_wconf 90' lang='lat' dir='ltr'>adhuc</span> <span class='ocrx_word' id='word_1_34' title='bbox 664 741 804 822; x_wconf 86' lang='lat' dir='ltr'>dubitet,</span> <span class='ocrx_word' id='word_1_35' title='bbox 833 764 910 806; x_wconf 92' lang='lat' dir='ltr'>num</span> <span class='ocrx_word' id='word_1_36' title='bbox 936 741 1015 806; x_wconf 90' lang='lat' dir='ltr'>haee</span> <span class='ocrx_word' id='word_1_37' title='bbox 1043 763 1063 805; x_wconf 89' lang='lat' dir='ltr'>a</span> <span class='ocrx_word' id='word_1_38' title='bbox 1093 741 1222 821; x_wconf 76' lang='lat' dir='ltr'>rhetore</span> <span class='ocrx_word' id='word_1_39' title='bbox 1255 739 1392 804; x_wconf 87' lang='lat' dir='ltr'>conficta</span> 
     </span>
     <span class='ocr_line' id='line_1_6' title="bbox 182 835 1390 928; baseline -0.002 -20"><span class='ocrx_word' id='word_1_40' title='bbox 182 846 254 924; x_wconf 88' lang='lat' dir='ltr'>sint,</span> <span class='ocrx_word' id='word_1_41' title='bbox 280 846 308 908; x_wconf 89' lang='lat' dir='ltr'>ei</span> <span class='ocrx_word' id='word_1_42' title='bbox 331 844 349 928; x_wconf 63' lang='grc' dir='ltr'>ξ</span> <span class='ocrx_word' id='word_1_43' title='bbox 374 849 414 907; x_wconf 86' lang='grc'>14</span> <span class='ocrx_word' id='word_1_44' title='bbox 434 843 651 926; x_wconf 79' lang='lat' dir='ltr'>persuadebit.</span> <span class='ocrx_word' id='word_1_45' title='bbox 696 843 759 908; x_wconf 91' lang='lat' dir='ltr'>His</span> <span class='ocrx_word' id='word_1_46' title='bbox 780 843 889 918; x_wconf 71' lang='lat' dir='ltr'>‚verbis</span> <span class='ocrx_word' id='word_1_47' title='bbox 913 844 1079 908; x_wconf 86' lang='lat' dir='ltr'>exordium</span> <span class='ocrx_word' id='word_1_48' title='bbox 1100 843 1225 908; x_wconf 83' lang='lat' dir='ltr'>finitur:</span> <span class='ocrx_word' id='word_1_49' title='bbox 1256 838 1330 908; x_wconf 89' lang='grc' dir='ltr'><em>δότε</em></span> <span class='ocrx_word' id='word_1_50' title='bbox 1352 835 1390 922; x_wconf 77' lang='grc' dir='ltr'>δ’,</span> 
     </span>
     <span class='ocr_line' id='line_1_7' title="bbox 172 937 1393 1034; baseline -0.001 -24"><span class='ocrx_word' id='word_1_51' title='bbox 172 937 208 1010; x_wconf 68' lang='grc' dir='ltr'>ἰδ</span> <span class='ocrx_word' id='word_1_52' title='bbox 240 941 348 1032; x_wconf 79' lang='grc' dir='ltr'><em>ἀνδρες</em></span> <span class='ocrx_word' id='word_1_53' title='bbox 372 942 550 1034; x_wconf 82' lang='grc' dir='ltr'><em>Ἀθηναῖοι,</em></span> <span class='ocrx_word' id='word_1_54' title='bbox 582 943 656 1011; x_wconf 97' lang='grc' dir='ltr'><em>δότε</em></span> <span class='ocrx_word' id='word_1_55' title='bbox 687 944 743 1010; x_wconf 82' lang='grc' dir='ltr'>καὶ</span> <span class='ocrx_word' id='word_1_56' title='bbox 771 943 993 1031; x_wconf 84' lang='grc' dir='ltr'><em>σογχιορῄσατέ</em></span> <span class='ocrx_word' id='word_1_57' title='bbox 1021 969 1076 1028; x_wconf 92' lang='grc' dir='ltr'>μοι</span> <span class='ocrx_word' id='word_1_58' title='bbox 1110 942 1194 1032; x_wconf 85' lang='grc' dir='ltr'><em>πρὸς</em></span> <span class='ocrx_word' id='word_1_59' title='bbox 1220 945 1314 1024; x_wconf 80' lang='grc' dir='ltr'><em>Διός,</em></span> <span class='ocrx_word' id='word_1_60' title='bbox 1351 939 1393 1028; x_wconf 73' lang='lat' dir='ltr'>pic</span> 
     </span>
     <span class='ocr_line' id='line_1_8' title="bbox 183 1043 1394 1137; baseline -0.001 -24"><span class='ocrx_word' id='word_1_61' title='bbox 183 1046 392 1135; x_wconf 66' lang='lat' dir='ltr'>aspernanti</span> <span class='ocrx_word' id='word_1_62' title='bbox 415 1046 606 1136; x_wconf 74' lang='grc' dir='ltr'><em>προῄρημαι,</em></span> <span class='ocrx_word' id='word_1_63' title='bbox 632 1047 707 1135; x_wconf 82' lang='grc' dir='ltr'><em>περὶ</em></span> <span class='ocrx_word' id='word_1_64' title='bbox 729 1047 850 1114; x_wconf 89' lang='grc' dir='ltr'><em>τοότιον</em></span> <span class='ocrx_word' id='word_1_65' title='bbox 872 1049 1079 1137; x_wconf 70' lang='grc' dir='ltr'><em>διαλεχθῆναι</em></span> <span class='ocrx_word' id='word_1_66' title='bbox 1102 1046 1185 1134; x_wconf 86' lang='grc' dir='ltr'><em>πρὸς</em></span> <span class='ocrx_word' id='word_1_67' title='bbox 1206 1043 1304 1130; x_wconf 77' lang='grc' dir='ltr'><em>ὑμᾶς·</em></span> <span class='ocrx_word' id='word_1_68' title='bbox 1338 1045 1394 1112; x_wconf 79' lang='grc' dir='ltr'>καὶ</span> 
     </span>
     <span class='ocr_line' id='line_1_9' title="bbox 182 1146 1393 1239; baseline -0.002 -23"><span class='ocrx_word' id='word_1_69' title='bbox 182 1149 241 1236; x_wconf 85' lang='grc' dir='ltr'>γὰρ</span> <span class='ocrx_word' id='word_1_70' title='bbox 263 1147 332 1215; x_wconf 74' lang='grc' dir='ltr'><em>οὐδ’</em></span> <span class='ocrx_word' id='word_1_71' title='bbox 361 1146 399 1216; x_wconf 81' lang='grc' dir='ltr'>ἀν</span> <span class='ocrx_word' id='word_1_72' title='bbox 430 1147 534 1226; x_wconf 80' lang='grc' dir='ltr'><em>ἀλλοις</em></span> <span class='ocrx_word' id='word_1_73' title='bbox 559 1148 720 1239; x_wconf 87' lang='grc' dir='ltr'><em>δυναίμην.</em></span> <span class='ocrx_word' id='word_1_74' title='bbox 764 1153 805 1218; x_wconf 94' lang='lat' dir='ltr'>In</span> <span class='ocrx_word' id='word_1_75' title='bbox 832 1152 978 1236; x_wconf 89' lang='lat' dir='ltr'>plurimis</span> <span class='ocrx_word' id='word_1_76' title='bbox 1002 1152 1140 1217; x_wconf 87' lang='lat' dir='ltr'>exordiis</span> <span class='ocrx_word' id='word_1_77' title='bbox 1163 1150 1393 1230; x_wconf 82' lang='lat' dir='ltr'>defensionum,</span> 
     </span>
     <span class='ocr_line' id='line_1_10' title="bbox 181 1253 1393 1338; baseline 0 -20"><span class='ocrx_word' id='word_1_78' title='bbox 181 1256 308 1338; x_wconf 88' lang='lat' dir='ltr'>saepius</span> <span class='ocrx_word' id='word_1_79' title='bbox 330 1256 428 1318; x_wconf 90' lang='lat' dir='ltr'>etiam</span> <span class='ocrx_word' id='word_1_80' title='bbox 450 1255 483 1318; x_wconf 93' lang='lat' dir='ltr'>in</span> <span class='ocrx_word' id='word_1_81' title='bbox 505 1255 763 1320; x_wconf 81' lang='lat' dir='ltr'>accusationibus</span> <span class='ocrx_word' id='word_1_82' title='bbox 786 1255 929 1318; x_wconf 86' lang='lat' dir='ltr'>videmus</span> <span class='ocrx_word' id='word_1_83' title='bbox 952 1275 1020 1335; x_wconf 83' lang='lat' dir='ltr'>eoa,</span> <span class='ocrx_word' id='word_1_84' title='bbox 1044 1255 1100 1336; x_wconf 88' lang='lat' dir='ltr'>qui</span> <span class='ocrx_word' id='word_1_85' title='bbox 1122 1274 1252 1318; x_wconf 89' lang='lat' dir='ltr'>causam</span> <span class='ocrx_word' id='word_1_86' title='bbox 1272 1253 1393 1334; x_wconf 91' lang='lat' dir='ltr'>dicunt,</span> 
     </span>
     <span class='ocr_line' id='line_1_11' title="bbox 180 1355 1395 1442; baseline 0 -20"><span class='ocrx_word' id='word_1_87' title='bbox 180 1363 325 1440; x_wconf 87' lang='lat' dir='ltr'>petentes</span> <span class='ocrx_word' id='word_1_88' title='bbox 370 1379 390 1419; x_wconf 91' lang='lat' dir='ltr'>a</span> <span class='ocrx_word' id='word_1_89' title='bbox 433 1356 606 1438; x_wconf 89' lang='lat' dir='ltr'>iudicibus,</span> <span class='ocrx_word' id='word_1_90' title='bbox 643 1364 680 1422; x_wconf 92' lang='lat' dir='ltr'>ut</span> <span class='ocrx_word' id='word_1_91' title='bbox 715 1358 942 1423; x_wconf 84' lang='lat' dir='ltr'>benevolenter</span> <span class='ocrx_word' id='word_1_92' title='bbox 980 1379 1013 1422; x_wconf 91' lang='lat' dir='ltr'>se</span> <span class='ocrx_word' id='word_1_93' title='bbox 1056 1355 1246 1442; x_wconf 54' lang='lat' dir='ltr'>audiantffl)</span> <span class='ocrx_word' id='word_1_94' title='bbox 1320 1357 1395 1422; x_wconf 92' lang='lat' dir='ltr'>Duo</span> 
     </span>
     <span class='ocr_line' id='line_1_12' title="bbox 181 1459 1395 1542; baseline 0.001 -19"><span class='ocrx_word' id='word_1_95' title='bbox 181 1466 309 1524; x_wconf 88' lang='lat' dir='ltr'>tantum</span> <span class='ocrx_word' id='word_1_96' title='bbox 357 1459 419 1523; x_wconf 89' lang='lat' dir='ltr'>loci</span> <span class='ocrx_word' id='word_1_97' title='bbox 469 1465 600 1540; x_wconf 85' lang='lat' dir='ltr'>extant,</span> <span class='ocrx_word' id='word_1_98' title='bbox 651 1459 767 1542; x_wconf 92' lang='lat' dir='ltr'>quibus</span> <span class='ocrx_word' id='word_1_99' title='bbox 817 1481 891 1524; x_wconf 90' lang='lat' dir='ltr'>reus</span> <span class='ocrx_word' id='word_1_100' title='bbox 940 1461 1044 1542; x_wconf 82' lang='lat' dir='ltr'>petit,</span> <span class='ocrx_word' id='word_1_101' title='bbox 1094 1465 1131 1524; x_wconf 94' lang='lat' dir='ltr'>ut</span> <span class='ocrx_word' id='word_1_102' title='bbox 1181 1459 1241 1524; x_wconf 92' lang='lat' dir='ltr'>sibi</span> <span class='ocrx_word' id='word_1_103' title='bbox 1288 1459 1395 1540; x_wconf 88' lang='lat' dir='ltr'>liceat,</span> 
     </span>
     <span class='ocr_line' id='line_1_13' title="bbox 182 1561 1397 1646; baseline 0 -20"><span class='ocrx_word' id='word_1_104' title='bbox 182 1562 412 1643; x_wconf 87' lang='lat' dir='ltr'>defensionem,</span> <span class='ocrx_word' id='word_1_105' title='bbox 448 1561 716 1644; x_wconf 88' lang='lat' dir='ltr'>quemadmodum</span> <span class='ocrx_word' id='word_1_106' title='bbox 750 1563 841 1644; x_wconf 86' lang='lat' dir='ltr'>velit,</span> <span class='ocrx_word' id='word_1_107' title='bbox 879 1563 1057 1628; x_wconf 84' lang='lat' dir='ltr'>instituere.</span> <span class='ocrx_word' id='word_1_108' title='bbox 1102 1563 1194 1628; x_wconf 92' lang='lat' dir='ltr'>Unus</span> <span class='ocrx_word' id='word_1_109' title='bbox 1228 1569 1277 1627; x_wconf 90' lang='lat' dir='ltr'>est</span> <span class='ocrx_word' id='word_1_110' title='bbox 1309 1563 1397 1646; x_wconf 86' lang='lat' dir='ltr'>apud</span> 
     </span>
     <span class='ocr_line' id='line_1_14' title="bbox 181 1658 1396 1752; baseline 0 -24"><span class='ocrx_word' id='word_1_111' title='bbox 181 1664 275 1728; x_wconf 91' lang='lat' dir='ltr'>Dem.</span> <span class='ocrx_word' id='word_1_112' title='bbox 301 1669 349 1744; x_wconf 97' lang='grc'>18,</span> <span class='ocrx_word' id='word_1_113' title='bbox 373 1670 388 1727; x_wconf 96' lang='grc'>1</span> <span class='ocrx_word' id='word_1_114' title='bbox 413 1687 460 1748; x_wconf 90' lang='lat' dir='ltr'>sq.</span> <span class='ocrx_word' id='word_1_115' title='bbox 505 1666 544 1730; x_wconf 89' lang='lat' dir='ltr'>cf.</span> <span class='ocrx_word' id='word_1_116' title='bbox 567 1666 723 1750; x_wconf 85' lang='lat' dir='ltr'>imprimis</span> <span class='ocrx_word' id='word_1_117' title='bbox 744 1662 900 1730; x_wconf 76' lang='lat' dir='ltr'>verbasci</span> <span class='ocrx_word' id='word_1_118' title='bbox 923 1669 964 1752; x_wconf 82' lang='grc' dir='ltr'>τῄ</span> <span class='ocrx_word' id='word_1_119' title='bbox 984 1662 1073 1744; x_wconf 80' lang='grc' dir='ltr'><em>τάξει</em></span> <span class='ocrx_word' id='word_1_120' title='bbox 1095 1661 1150 1728; x_wconf 79' lang='grc' dir='ltr'>καὶ</span> <span class='ocrx_word' id='word_1_121' title='bbox 1172 1667 1212 1752; x_wconf 86' lang='grc' dir='ltr'>τῄ</span> <span class='ocrx_word' id='word_1_122' title='bbox 1234 1658 1396 1751; x_wconf 75' lang='grc' dir='ltr'><em>ἀπολογίᾳ</em></span> 
     </span>
     <span class='ocr_line' id='line_1_15' title="bbox 181 1762 1398 1856; baseline 0.001 -27"><span class='ocrx_word' id='word_1_123' title='bbox 181 1762 224 1841; x_wconf 74' lang='lat' dir='ltr'>aig</span> <span class='ocrx_word' id='word_1_124' title='bbox 249 1764 439 1852; x_wconf 69' lang='grc' dir='ltr'><em>βεβούληται</em></span> <span class='ocrx_word' id='word_1_125' title='bbox 474 1765 530 1832; x_wconf 81' lang='grc' dir='ltr'>καὶ</span> <span class='ocrx_word' id='word_1_126' title='bbox 563 1766 741 1856; x_wconf 73' lang='grc' dir='ltr'><em>προῄρηται</em></span> <span class='ocrx_word' id='word_1_127' title='bbox 769 1771 832 1832; x_wconf 83' lang='grc' dir='ltr'>τῶν</span> <span class='ocrx_word' id='word_1_128' title='bbox 864 1762 1099 1852; x_wconf 74' lang='grc' dir='ltr'><em>ἀγωνιζομένων</em></span> <span class='ocrx_word' id='word_1_129' title='bbox 1126 1763 1269 1847; x_wconf 74' lang='grc' dir='ltr'>ἕκαστος,</span> <span class='ocrx_word' id='word_1_130' title='bbox 1298 1763 1398 1843; x_wconf 74' lang='grc' dir='ltr'><em>οὕτως</em></span> 
     </span>
     <span class='ocr_line' id='line_1_16' title="bbox 181 1861 1397 1956; baseline 0.001 -25"><span class='ocrx_word' id='word_1_131' title='bbox 181 1867 273 1933; x_wconf 71' lang='grc' dir='ltr'><em>ἐᾶσαι</em></span> <span class='ocrx_word' id='word_1_132' title='bbox 298 1868 489 1956; x_wconf 74' lang='grc' dir='ltr'><em>χρήσασθαι,</em></span> <span class='ocrx_word' id='word_1_133' title='bbox 514 1861 596 1936; x_wconf 84' lang='lat' dir='ltr'>aiter</span> <span class='ocrx_word' id='word_1_134' title='bbox 618 1871 705 1954; x_wconf 89' lang='lat' dir='ltr'>apud</span> <span class='ocrx_word' id='word_1_135' title='bbox 728 1863 929 1954; x_wconf 89' lang='lat' dir='ltr'>Hyperidem</span> <span class='ocrx_word' id='word_1_136' title='bbox 950 1871 1041 1935; x_wconf 89' lang='lat' dir='ltr'>initio</span> <span class='ocrx_word' id='word_1_137' title='bbox 1064 1892 1109 1934; x_wconf 88' lang='lat' dir='ltr'>or.</span> <span class='ocrx_word' id='word_1_138' title='bbox 1125 1871 1163 1935; x_wconf 91' lang='lat' dir='ltr'>II</span> <span class='ocrx_word' id='word_1_139' title='bbox 1177 1919 1184 1934; x_wconf 97' lang='lat'>.</span> <span class='ocrx_word' id='word_1_140' title='bbox 1199 1919 1204 1933; x_wconf 94' lang='lat'>.</span> <span class='ocrx_word' id='word_1_141' title='bbox 1221 1873 1281 1956; x_wconf 84' lang='grc' dir='ltr'>,τῄ</span> <span class='ocrx_word' id='word_1_142' title='bbox 1303 1892 1397 1956; x_wconf 78' lang='grc' dir='ltr'><em>κατη-</em></span> 
     </span>
     <span class='ocr_line' id='line_1_17' title="bbox 182 1965 1398 2060; baseline 0.001 -25"><span class='ocrx_word' id='word_1_143' title='bbox 182 1969 272 2058; x_wconf 84' lang='grc' dir='ltr'><em>γοριήι</em></span> <span class='ocrx_word' id='word_1_144' title='bbox 300 1975 454 2058; x_wconf 77' lang='grc' dir='ltr'>χρῆσθαι,</span> <span class='ocrx_word' id='word_1_145' title='bbox 486 1971 570 2036; x_wconf 74' lang='lat' dir='ltr'>eiiam</span> <span class='ocrx_word' id='word_1_146' title='bbox 597 1971 653 2038; x_wconf 81' lang='grc' dir='ltr'>καὶ</span> <span class='ocrx_word' id='word_1_147' title='bbox 681 1970 736 2056; x_wconf 78' lang='grc' dir='ltr'>ἐμὲ</span> <span class='ocrx_word' id='word_1_148' title='bbox 764 1971 837 2037; x_wconf 80' lang='grc' dir='ltr'><em>ἐᾶτε</em></span> <span class='ocrx_word' id='word_1_149' title='bbox 862 1965 900 2039; x_wconf 80' lang='grc' dir='ltr'>ὃν</span> <span class='ocrx_word' id='word_1_150' title='bbox 926 1971 1049 2058; x_wconf 91' lang='grc' dir='ltr'><em>τρόπον</em></span> <span class='ocrx_word' id='word_1_151' title='bbox 1072 1970 1254 2060; x_wconf 78' lang='grc' dir='ltr'><em>προῄρημαι</em></span> <span class='ocrx_word' id='word_1_152' title='bbox 1276 1969 1334 2037; x_wconf 81' lang='grc' dir='ltr'>καὶ</span> <span class='ocrx_word' id='word_1_153' title='bbox 1355 1967 1398 2046; x_wconf 79' lang='grc' dir='ltr'>ὡς</span> 
     </span>
     <span class='ocr_line' id='line_1_18' title="bbox 183 2068 1397 2167; baseline 0.001 -29"><span class='ocrx_word' id='word_1_154' title='bbox 183 2068 221 2138; x_wconf 74' lang='grc' dir='ltr'>ἀν</span> <span class='ocrx_word' id='word_1_155' title='bbox 243 2071 389 2156; x_wconf 80' lang='grc' dir='ltr'><em>δύνωμαι</em></span> <span class='ocrx_word' id='word_1_156' title='bbox 412 2069 661 2158; x_wconf 71' lang='grc' dir='ltr'><em>ἀπολογεῖσθαι.</em></span> <span class='ocrx_word' id='word_1_157' title='bbox 696 2075 840 2157; x_wconf 84' lang='lat' dir='ltr'>(Similis.</span> <span class='ocrx_word' id='word_1_158' title='bbox 853 2077 952 2142; x_wconf 85' lang='lat' dir='ltr'>etiam</span> <span class='ocrx_word' id='word_1_159' title='bbox 974 2083 1022 2167; x_wconf 78' lang='lat' dir='ltr'>est</span> <span class='ocrx_word' id='word_1_160' title='bbox 1043 2076 1134 2140; x_wconf 90' lang='lat' dir='ltr'>locus</span> <span class='ocrx_word' id='word_1_161' title='bbox 1156 2074 1277 2141; x_wconf 90' lang='lat' dir='ltr'>Aesch.</span> <span class='ocrx_word' id='word_1_162' title='bbox 1303 2081 1332 2156; x_wconf 82' lang='lat'>2,</span> <span class='ocrx_word' id='word_1_163' title='bbox 1355 2079 1397 2139; x_wconf 86' lang='lat'>44</span> 
     </span>
     <span class='ocr_line' id='line_1_19' title="bbox 183 2172 1396 2263; baseline 0.002 -24"><span class='ocrx_word' id='word_1_164' title='bbox 183 2173 238 2240; x_wconf 77' lang='grc' dir='ltr'>ἐὰν</span> <span class='ocrx_word' id='word_1_165' title='bbox 261 2172 288 2239; x_wconf 73' lang='grc' dir='ltr'>δ’</span> <span class='ocrx_word' id='word_1_166' title='bbox 313 2174 383 2257; x_wconf 77' lang='grc' dir='ltr'><em>ἐμοὶ</em></span> <span class='ocrx_word' id='word_1_167' title='bbox 412 2181 458 2263; x_wconf 75' lang='grc' dir='ltr'>τῷ</span> <span class='ocrx_word' id='word_1_168' title='bbox 486 2177 699 2244; x_wconf 77' lang='grc' dir='ltr'><em>κινδυνεύοντι</em></span> <span class='ocrx_word' id='word_1_169' title='bbox 724 2173 830 2243; x_wconf 84' lang='grc' dir='ltr'><em>εἰπεῖν</em></span> <span class='ocrx_word' id='word_1_170' title='bbox 855 2179 936 2243; x_wconf 82' lang='grc' dir='ltr'><em>δῶτε</em></span> <span class='ocrx_word' id='word_1_171' title='bbox 964 2174 1008 2256; x_wconf 73' lang='lat' dir='ltr'>aig</span> <span class='ocrx_word' id='word_1_172' title='bbox 1028 2176 1185 2262; x_wconf 83' lang='grc' dir='ltr'><em>βούλομαι</em></span> <span class='ocrx_word' id='word_1_173' title='bbox 1208 2179 1265 2243; x_wconf 93' lang='lat' dir='ltr'>ubi</span> <span class='ocrx_word' id='word_1_174' title='bbox 1288 2201 1322 2243; x_wconf 84' lang='lat' dir='ltr'>se</span> <span class='ocrx_word' id='word_1_175' title='bbox 1345 2201 1396 2244; x_wconf 89' lang='lat' dir='ltr'>ex·</span> 
     </span>
     <span class='ocr_line' id='line_1_20' title="bbox 184 2279 1397 2365; baseline 0.002 -23"><span class='ocrx_word' id='word_1_176' title='bbox 184 2285 276 2342; x_wconf 90' lang='lat' dir='ltr'>cusat</span> <span class='ocrx_word' id='word_1_177' title='bbox 303 2279 483 2346; x_wconf 89' lang='lat' dir='ltr'>Aeschines</span> <span class='ocrx_word' id='word_1_178' title='bbox 512 2281 598 2362; x_wconf 91' lang='lat' dir='ltr'>quod</span> <span class='ocrx_word' id='word_1_179' title='bbox 628 2282 738 2365; x_wconf 87' lang='lat' dir='ltr'>paullo</span> <span class='ocrx_word' id='word_1_180' title='bbox 767 2281 894 2364; x_wconf 84' lang='lat' dir='ltr'>longius</span> <span class='ocrx_word' id='word_1_181' title='bbox 924 2303 1033 2346; x_wconf 90' lang='lat' dir='ltr'>rerum</span> <span class='ocrx_word' id='word_1_182' title='bbox 1061 2282 1175 2345; x_wconf 90' lang='lat' dir='ltr'>seriem</span> <span class='ocrx_word' id='word_1_183' title='bbox 1202 2283 1397 2364; x_wconf 88' lang='lat' dir='ltr'>repetiturus</span> 
     </span>
     <span class='ocr_line' id='line_1_21' title="bbox 184 2381 1398 2466; baseline 0.003 -22"><span class='ocrx_word' id='word_1_184' title='bbox 184 2382 249 2466; x_wconf 89' lang='lat' dir='ltr'>sit.)</span> <span class='ocrx_word' id='word_1_185' title='bbox 305 2381 454 2464; x_wconf 88' lang='lat' dir='ltr'>Utroque</span> <span class='ocrx_word' id='word_1_186' title='bbox 494 2382 563 2448; x_wconf 91' lang='lat' dir='ltr'>loco</span> <span class='ocrx_word' id='word_1_187' title='bbox 593 2406 657 2448; x_wconf 93' lang='lat' dir='ltr'>non</span> <span class='ocrx_word' id='word_1_188' title='bbox 689 2385 756 2450; x_wconf 91' lang='lat' dir='ltr'>sine</span> <span class='ocrx_word' id='word_1_189' title='bbox 786 2385 872 2448; x_wconf 91' lang='lat' dir='ltr'>iusta</span> <span class='ocrx_word' id='word_1_190' title='bbox 903 2407 999 2449; x_wconf 87' lang='lat' dir='ltr'>causa</span> <span class='ocrx_word' id='word_1_191' title='bbox 1033 2385 1095 2449; x_wconf 91' lang='lat' dir='ltr'>hoc</span> <span class='ocrx_word' id='word_1_192' title='bbox 1124 2385 1255 2466; x_wconf 87' lang='lat' dir='ltr'>petitur.</span> <span class='ocrx_word' id='word_1_193' title='bbox 1311 2383 1398 2450; x_wconf 89' lang='lat' dir='ltr'>Nam</span> 
     </span>
    </p>
   </div>
   <div class='ocr_carea' id='block_1_2' title="bbox 181 2484 1400 3184">
    <p class='ocr_par' dir='ltr' id='par_1_4' title="bbox 181 2484 1400 3184">
     <span class='ocr_line' id='line_1_22' title="bbox 184 2484 1399 2572; baseline 0.003 -24"><span class='ocrx_word' id='word_1_194' title='bbox 184 2484 363 2548; x_wconf 84' lang='lat' dir='ltr'>Aeschines</span> <span class='ocrx_word' id='word_1_195' title='bbox 392 2484 447 2566; x_wconf 83' lang='lat' dir='ltr'>(cf.</span> <span class='ocrx_word' id='word_1_196' title='bbox 471 2490 500 2564; x_wconf 90' lang='grc'>2,</span> <span class='ocrx_word' id='word_1_197' title='bbox 525 2490 585 2549; x_wconf 90' lang='grc'>202</span> <span class='ocrx_word' id='word_1_198' title='bbox 610 2487 673 2572; x_wconf 90' lang='lat' dir='ltr'>sq.)</span> <span class='ocrx_word' id='word_1_199' title='bbox 696 2493 905 2570; x_wconf 74' lang='lat' dir='ltr'>poposcerat,</span> <span class='ocrx_word' id='word_1_200' title='bbox 936 2493 973 2552; x_wconf 91' lang='lat' dir='ltr'>ut</span> <span class='ocrx_word' id='word_1_201' title='bbox 1000 2487 1134 2552; x_wconf 88' lang='lat' dir='ltr'>eandem</span> <span class='ocrx_word' id='word_1_202' title='bbox 1158 2485 1399 2570; x_wconf 90' lang='lat' dir='ltr'>dispositionem</span> 
     </span>
     <span class='ocr_line' id='line_1_23' title="bbox 184 2586 1399 2669; baseline 0.004 -21"><span class='ocrx_word' id='word_1_203' title='bbox 184 2608 281 2669; x_wconf 89' lang='lat' dir='ltr'>quam</span> <span class='ocrx_word' id='word_1_204' title='bbox 305 2586 374 2668; x_wconf 91' lang='lat' dir='ltr'>ipsc</span> <span class='ocrx_word' id='word_1_205' title='bbox 395 2588 428 2649; x_wconf 91' lang='lat' dir='ltr'>in</span> <span class='ocrx_word' id='word_1_206' title='bbox 449 2588 651 2652; x_wconf 84' lang='lat' dir='ltr'>accusatione</span> <span class='ocrx_word' id='word_1_207' title='bbox 675 2595 804 2652; x_wconf 89' lang='lat' dir='ltr'>secutus</span> <span class='ocrx_word' id='word_1_208' title='bbox 827 2595 924 2664; x_wconf 89' lang='lat' dir='ltr'>esset,</span> <span class='ocrx_word' id='word_1_209' title='bbox 953 2590 1007 2654; x_wconf 90' lang='lat' dir='ltr'>ille</span> <span class='ocrx_word' id='word_1_210' title='bbox 1029 2591 1062 2654; x_wconf 89' lang='lat' dir='ltr'>in</span> <span class='ocrx_word' id='word_1_211' title='bbox 1084 2590 1270 2654; x_wconf 81' lang='lat' dir='ltr'>defensione</span> <span class='ocrx_word' id='word_1_212' title='bbox 1292 2589 1399 2655; x_wconf 88' lang='lat' dir='ltr'>obser·</span> 
     </span>
     <span class='ocr_line' id='line_1_24' title="bbox 183 2688 1398 2776; baseline 0.003 -24"><span class='ocrx_word' id='word_1_213' title='bbox 183 2695 288 2769; x_wconf 81' lang='lat' dir='ltr'>raret,</span> <span class='ocrx_word' id='word_1_214' title='bbox 319 2695 351 2752; x_wconf 90' lang='lat' dir='ltr'>et</span> <span class='ocrx_word' id='word_1_215' title='bbox 374 2688 525 2769; x_wconf 89' lang='lat' dir='ltr'>Ariston,</span> <span class='ocrx_word' id='word_1_216' title='bbox 555 2689 779 2773; x_wconf 87' lang='lat' dir='ltr'>Lycophronis</span> <span class='ocrx_word' id='word_1_217' title='bbox 802 2690 1004 2757; x_wconf 82' lang='lat' dir='ltr'>adversarius</span> <span class='ocrx_word' id='word_1_218' title='bbox 1026 2695 1167 2776; x_wconf 83' lang='lat' dir='ltr'>petierat</span> <span class='ocrx_word' id='word_1_219' title='bbox 1188 2713 1208 2756; x_wconf 86' lang='lat' dir='ltr'>a</span> <span class='ocrx_word' id='word_1_220' title='bbox 1229 2692 1398 2773; x_wconf 90' lang='lat' dir='ltr'>iudicibus,</span> 
     </span>
     <span class='ocr_line' id='line_1_25' title="bbox 182 2792 1397 2881; baseline 0.002 -25"><span class='ocrx_word' id='word_1_221' title='bbox 182 2815 221 2856; x_wconf 91' lang='lat' dir='ltr'>ne</span> <span class='ocrx_word' id='word_1_222' title='bbox 251 2793 402 2856; x_wconf 91' lang='lat' dir='ltr'>audirent</span> <span class='ocrx_word' id='word_1_223' title='bbox 431 2792 499 2856; x_wconf 90' lang='lat' dir='ltr'>eius</span> <span class='ocrx_word' id='word_1_224' title='bbox 529 2798 683 2876; x_wconf 87' lang='lat' dir='ltr'>patronos</span> <span class='ocrx_word' id='word_1_225' title='bbox 706 2793 759 2877; x_wconf 63' lang='lat' dir='ltr'>(cf.</span> <span class='ocrx_word' id='word_1_226' title='bbox 784 2795 843 2858; x_wconf 91' lang='lat' dir='ltr'>eol.</span> <span class='ocrx_word' id='word_1_227' title='bbox 868 2795 968 2876; x_wconf 88' lang='lat' dir='ltr'>VIII,</span> <span class='ocrx_word' id='word_1_228' title='bbox 995 2801 1032 2860; x_wconf 92' lang='grc'>11</span> <span class='ocrx_word' id='word_1_229' title='bbox 1058 2796 1132 2881; x_wconf 83' lang='lat' dir='ltr'>sq.),</span> <span class='ocrx_word' id='word_1_230' title='bbox 1157 2818 1222 2880; x_wconf 88' lang='lat' dir='ltr'>qua</span> <span class='ocrx_word' id='word_1_231' title='bbox 1246 2795 1285 2859; x_wconf 89' lang='lat' dir='ltr'>de</span> <span class='ocrx_word' id='word_1_232' title='bbox 1308 2796 1397 2860; x_wconf 89' lang='lat' dir='ltr'>rein</span> 
     </span>
     <span class='ocr_line' id='line_1_26' title="bbox 181 2895 1399 2983; baseline 0.002 -25"><span class='ocrx_word' id='word_1_233' title='bbox 181 2895 329 2979; x_wconf 89' lang='lat' dir='ltr'>partibus</span> <span class='ocrx_word' id='word_1_234' title='bbox 352 2895 476 2958; x_wconf 87' lang='lat' dir='ltr'>exordii</span> <span class='ocrx_word' id='word_1_235' title='bbox 499 2895 624 2959; x_wconf 88' lang='lat' dir='ltr'>amissis</span> <span class='ocrx_word' id='word_1_236' title='bbox 646 2895 742 2978; x_wconf 90' lang='lat' dir='ltr'>plura</span> <span class='ocrx_word' id='word_1_237' title='bbox 765 2897 863 2960; x_wconf 88' lang='lat' dir='ltr'>etiam</span> <span class='ocrx_word' id='word_1_238' title='bbox 879 2897 978 2962; x_wconf 88' lang='lat' dir='ltr'>verba</span> <span class='ocrx_word' id='word_1_239' title='bbox 992 2898 1079 2963; x_wconf 87' lang='lat' dir='ltr'>facta</span> <span class='ocrx_word' id='word_1_240' title='bbox 1101 2905 1177 2963; x_wconf 92' lang='lat' dir='ltr'>sunt</span> <span class='ocrx_word' id='word_1_241' title='bbox 1199 2897 1254 2983; x_wconf 84' lang='lat' dir='ltr'>(oi.</span> <span class='ocrx_word' id='word_1_242' title='bbox 1270 2898 1399 2962; x_wconf 90' lang='lat' dir='ltr'>initium</span> 
     </span>
     <span class='ocr_line' id='line_1_27' title="bbox 182 2997 1400 3083; baseline 0.002 -20"><span class='ocrx_word' id='word_1_243' title='bbox 182 3001 219 3063; x_wconf 89' lang='lat' dir='ltr'>fr.</span> <span class='ocrx_word' id='word_1_244' title='bbox 252 2998 325 3083; x_wconf 79' lang='lat' dir='ltr'>IL).</span> <span class='ocrx_word' id='word_1_245' title='bbox 378 2997 435 3061; x_wconf 89' lang='lat' dir='ltr'>Ad</span> <span class='ocrx_word' id='word_1_246' title='bbox 468 2999 707 3062; x_wconf 88' lang='lat' dir='ltr'>accusationem</span> <span class='ocrx_word' id='word_1_247' title='bbox 740 3021 815 3063; x_wconf 86' lang='lat' dir='ltr'>vero</span> <span class='ocrx_word' id='word_1_248' title='bbox 850 3020 913 3064; x_wconf 92' lang='lat' dir='ltr'>non</span> <span class='ocrx_word' id='word_1_249' title='bbox 949 3001 1090 3082; x_wconf 86' lang='lat' dir='ltr'>quadrat</span> <span class='ocrx_word' id='word_1_250' title='bbox 1123 3003 1204 3066; x_wconf 91' lang='lat' dir='ltr'>haec</span> <span class='ocrx_word' id='word_1_251' title='bbox 1237 3003 1400 3066; x_wconf 88' lang='lat' dir='ltr'>sententia</span> 
     </span>
     <span class='ocr_line' id='line_1_28' title="bbox 183 3100 1398 3184; baseline 0.002 -18"><span class='ocrx_word' id='word_1_252' title='bbox 183 3123 287 3184; x_wconf 90' lang='lat' dir='ltr'>neque</span> <span class='ocrx_word' id='word_1_253' title='bbox 304 3101 370 3166; x_wconf 91' lang='lat' dir='ltr'>ullo</span> <span class='ocrx_word' id='word_1_254' title='bbox 386 3101 449 3165; x_wconf 89' lang='lat' dir='ltr'>alic</span> <span class='ocrx_word' id='word_1_255' title='bbox 465 3100 534 3164; x_wconf 90' lang='lat' dir='ltr'>loco</span> <span class='ocrx_word' id='word_1_256' title='bbox 549 3101 720 3166; x_wconf 82' lang='lat' dir='ltr'>invenitur.</span> <span class='ocrx_word' id='word_1_257' title='bbox 764 3101 923 3166; x_wconf 88' lang='lat' dir='ltr'>Praetera</span> <span class='ocrx_word' id='word_1_258' title='bbox 938 3103 1094 3168; x_wconf 88' lang='lat' dir='ltr'>habemus</span> <span class='ocrx_word' id='word_1_259' title='bbox 1110 3105 1162 3168; x_wconf 90' lang='lat' dir='ltr'>hic</span> <span class='ocrx_word' id='word_1_260' title='bbox 1177 3109 1398 3168; x_wconf 86' lang='lat' dir='ltr'>accusatorem</span> 
     </span>
    </p>
   </div>
   <div class='ocr_carea' id='block_1_3' title="bbox 184 3295 386 3304">
    <p class='ocr_par' dir='ltr' id='par_1_5' title="bbox 184 3295 386 3304">
     <span class='ocr_line' id='line_1_29' title="bbox 184 3295 386 3304; baseline -0.02 0"><span class='ocrx_word' id='word_1_261' title='bbox 184 3295 386 3304; x_wconf 41' lang='grc' dir='ltr'>...ῥύη-.-</span> 
     </span>
    </p>
   </div>
   <div class='ocr_carea' id='block_1_4' title="bbox 182 3404 1402 4515">
    <p class='ocr_par' dir='ltr' id='par_1_6' title="bbox 182 3404 1402 4515">
     <span class='ocr_line' id='line_1_30' title="bbox 269 3404 1400 3484; baseline 0.002 -21"><span class='ocrx_word' id='word_1_262' title='bbox 269 3410 303 3479; x_wconf 61' lang='grc'>92)</span> <span class='ocrx_word' id='word_1_263' title='bbox 327 3411 359 3463; x_wconf 89' lang='lat' dir='ltr'>cf.</span> <span class='ocrx_word' id='word_1_264' title='bbox 379 3411 448 3462; x_wconf 84' lang='lat' dir='ltr'>Ant.</span> <span class='ocrx_word' id='word_1_265' title='bbox 472 3410 496 3475; x_wconf 91' lang='lat'>5,</span> <span class='ocrx_word' id='word_1_266' title='bbox 519 3411 536 3460; x_wconf 90' lang='grc'>4</span> <span class='ocrx_word' id='word_1_267' title='bbox 560 3407 612 3482; x_wconf 78' lang='grc' dir='ltr'>ἐγὼ</span> <span class='ocrx_word' id='word_1_268' title='bbox 636 3408 780 3478; x_wconf 80' lang='grc' dir='ltr'><em>αἰτήσομαι</em></span> <span class='ocrx_word' id='word_1_269' title='bbox 802 3404 870 3477; x_wconf 75' lang='grc' dir='ltr'>ὑμᾶς</span> <span class='ocrx_word' id='word_1_270' title='bbox 894 3404 941 3478; x_wconf 80' lang='grc' dir='ltr'>οιίχ</span> <span class='ocrx_word' id='word_1_271' title='bbox 966 3406 1036 3478; x_wconf 81' lang='grc' dir='ltr'><em>ἅπερ</em></span> <span class='ocrx_word' id='word_1_272' title='bbox 1062 3409 1088 3462; x_wconf 89' lang='grc' dir='ltr'>οἱ</span> <span class='ocrx_word' id='word_1_273' title='bbox 1104 3409 1197 3464; x_wconf 81' lang='grc' dir='ltr'><em>πολλοὶ</em></span> <span class='ocrx_word' id='word_1_274' title='bbox 1221 3407 1279 3465; x_wconf 76' lang='grc' dir='ltr'>τῶν</span> <span class='ocrx_word' id='word_1_275' title='bbox 1303 3407 1400 3484; x_wconf 83' lang='grc' dir='ltr'><em>ἀγωνι-</em></span> 
     </span>
     <span class='ocr_line' id='line_1_31' title="bbox 184 3491 1400 3567; baseline -0.001 -17"><span class='ocrx_word' id='word_1_276' title='bbox 184 3501 303 3566; x_wconf 78' lang='grc' dir='ltr'><em>ζομένων</em></span> <span class='ocrx_word' id='word_1_277' title='bbox 321 3494 479 3564; x_wconf 72' lang='grc' dir='ltr'><em>ἀκροᾶσθαι</em></span> <span class='ocrx_word' id='word_1_278' title='bbox 499 3494 577 3567; x_wconf 79' lang='grc' dir='ltr'><em>σφᾱνν</em></span> <span class='ocrx_word' id='word_1_279' title='bbox 598 3491 688 3549; x_wconf 65' lang='lat' dir='ltr'>abacia</span> <span class='ocrx_word' id='word_1_280' title='bbox 706 3493 852 3549; x_wconf 64' lang='grc' dir='ltr'><em>αἰτοῦνται.</em></span> <span class='ocrx_word' id='word_1_281' title='bbox 880 3494 989 3550; x_wconf 84' lang='lat' dir='ltr'>Andoc.</span> <span class='ocrx_word' id='word_1_282' title='bbox 1004 3497 1056 3559; x_wconf 86' lang='lat' dir='ltr'>l,9</span> <span class='ocrx_word' id='word_1_283' title='bbox 1074 3494 1142 3550; x_wconf 80' lang='grc' dir='ltr'><em>τάδε</em></span> <span class='ocrx_word' id='word_1_284' title='bbox 1162 3493 1185 3550; x_wconf 75' lang='grc' dir='ltr'>δ’</span> <span class='ocrx_word' id='word_1_285' title='bbox 1202 3495 1279 3567; x_wconf 75' lang='grc' dir='ltr'><em>ὑμῶν</em></span> <span class='ocrx_word' id='word_1_286' title='bbox 1297 3495 1400 3566; x_wconf 78' lang='grc' dir='ltr'><em>δέομαι,</em></span> 
     </span>
     <span class='ocr_line' id='line_1_32' title="bbox 183 3577 1400 3652; baseline 0.002 -18"><span class='ocrx_word' id='word_1_287' title='bbox 183 3581 236 3652; x_wconf 75' lang='grc' dir='ltr'><em>μετ’</em></span> <span class='ocrx_word' id='word_1_288' title='bbox 260 3580 363 3640; x_wconf 69' lang='lat' dir='ltr'>abactor</span> <span class='ocrx_word' id='word_1_289' title='bbox 381 3604 432 3652; x_wconf 85' lang='grc' dir='ltr'>μου</span> <span class='ocrx_word' id='word_1_290' title='bbox 452 3581 503 3650; x_wconf 81' lang='grc' dir='ltr'>τὴν</span> <span class='ocrx_word' id='word_1_291' title='bbox 530 3577 661 3652; x_wconf 74' lang='grc' dir='ltr'><em>ἀκρόασιν</em></span> <span class='ocrx_word' id='word_1_292' title='bbox 689 3613 717 3620; x_wconf 89' lang='grc'><strong>-</strong></span> <span class='ocrx_word' id='word_1_293' title='bbox 739 3581 926 3648; x_wconf 73' lang='grc' dir='ltr'><em>ποιήσασθαι,</em></span> <span class='ocrx_word' id='word_1_294' title='bbox 945 3580 1053 3633; x_wconf 88' lang='lat' dir='ltr'>Andcc.</span> <span class='ocrx_word' id='word_1_295' title='bbox 1080 3585 1105 3645; x_wconf 87' lang='grc'>4,</span> <span class='ocrx_word' id='word_1_296' title='bbox 1128 3583 1152 3646; x_wconf 86' lang='grc'>7,</span> <span class='ocrx_word' id='word_1_297' title='bbox 1177 3581 1241 3650; x_wconf 83' lang='lat' dir='ltr'>Lys.</span> <span class='ocrx_word' id='word_1_298' title='bbox 1267 3585 1306 3647; x_wconf 87' lang='grc'>16,</span> <span class='ocrx_word' id='word_1_299' title='bbox 1331 3585 1347 3635; x_wconf 88' lang='grc'><strong>9</strong></span> <span class='ocrx_word' id='word_1_300' title='bbox 1370 3589 1400 3638; x_wconf 82' lang='lat' dir='ltr'>et</span> 
     </span>
     <span class='ocr_line' id='line_1_33' title="bbox 183 3664 1400 3737; baseline 0.002 -16"><span class='ocrx_word' id='word_1_301' title='bbox 183 3668 286 3723; x_wconf 81' lang='lat' dir='ltr'>Frchh.</span> <span class='ocrx_word' id='word_1_302' title='bbox 306 3671 342 3723; x_wconf 90' lang='lat' dir='ltr'>ad</span> <span class='ocrx_word' id='word_1_303' title='bbox 360 3671 386 3722; x_wconf 92' lang='lat' dir='ltr'>h.</span> <span class='ocrx_word' id='word_1_304' title='bbox 404 3671 436 3734; x_wconf 90' lang='grc'>1;</span> <span class='ocrx_word' id='word_1_305' title='bbox 464 3671 501 3733; x_wconf 84' lang='grc'>19,</span> <span class='ocrx_word' id='word_1_306' title='bbox 520 3671 537 3721; x_wconf 91' lang='grc'>2</span> <span class='ocrx_word' id='word_1_307' title='bbox 556 3672 585 3720; x_wconf 88' lang='lat' dir='ltr'>et</span> <span class='ocrx_word' id='word_1_308' title='bbox 605 3671 649 3734; x_wconf 79' lang='lat'>113</span> <span class='ocrx_word' id='word_1_309' title='bbox 676 3668 761 3722; x_wconf 83' lang='lat' dir='ltr'>Isocr.</span> <span class='ocrx_word' id='word_1_310' title='bbox 782 3669 821 3730; x_wconf 92' lang='grc'>14,</span> <span class='ocrx_word' id='word_1_311' title='bbox 840 3669 869 3733; x_wconf 80' lang='lat'>63</span> <span class='ocrx_word' id='word_1_312' title='bbox 888 3665 960 3718; x_wconf 81' lang='lat' dir='ltr'>Isse.</span> <span class='ocrx_word' id='word_1_313' title='bbox 978 3667 1002 3729; x_wconf 87' lang='grc'>2,</span> <span class='ocrx_word' id='word_1_314' title='bbox 1021 3667 1037 3716; x_wconf 97' lang='grc'>2</span> <span class='ocrx_word' id='word_1_315' title='bbox 1057 3664 1151 3730; x_wconf 79' lang='grc' dir='ltr'><em>δέομαι</em></span> <span class='ocrx_word' id='word_1_316' title='bbox 1171 3665 1194 3721; x_wconf 88' lang='grc' dir='ltr'>δ’</span> <span class='ocrx_word' id='word_1_317' title='bbox 1219 3665 1296 3737; x_wconf 75' lang='grc' dir='ltr'><em>ὑμῶν</em></span> <span class='ocrx_word' id='word_1_318' title='bbox 1314 3666 1400 3724; x_wconf 82' lang='grc' dir='ltr'><em>ἁπόν-</em></span> 
     </span>
     <span class='ocr_line' id='line_1_34' title="bbox 185 3748 1401 3829; baseline 0.003 -23"><span class='ocrx_word' id='word_1_319' title='bbox 185 3776 242 3806; x_wconf 88' lang='grc' dir='ltr'><em>τιον</em></span> <span class='ocrx_word' id='word_1_320' title='bbox 268 3763 313 3809; x_wconf 81' lang='grc' dir='ltr'>καὶ</span> <span class='ocrx_word' id='word_1_321' title='bbox 339 3753 474 3824; x_wconf 74' lang='grc' dir='ltr'><em>ἀντιβολῶ</em></span> <span class='ocrx_word' id='word_1_322' title='bbox 504 3762 548 3808; x_wconf 80' lang='grc' dir='ltr'>καὶ</span> <span class='ocrx_word' id='word_1_323' title='bbox 573 3754 680 3808; x_wconf 77' lang='grc' dir='ltr'><em>ἱκετεύει</em></span> <span class='ocrx_word' id='word_1_324' title='bbox 706 3750 765 3821; x_wconf 74' lang='grc' dir='ltr'><em>μετ’</em></span> <span class='ocrx_word' id='word_1_325' title='bbox 792 3749 894 3808; x_wconf 68' lang='lat' dir='ltr'>abactae</span> <span class='ocrx_word' id='word_1_326' title='bbox 917 3748 1110 3820; x_wconf 69' lang='grc' dir='ltr'><em>ἀποδέχεσθαί</em></span> <span class='ocrx_word' id='word_1_327' title='bbox 1137 3774 1188 3822; x_wconf 92' lang='grc' dir='ltr'>μον</span> <span class='ocrx_word' id='word_1_328' title='bbox 1210 3753 1271 3812; x_wconf 75' lang='grc' dir='ltr'><em>τοὺς</em></span> <span class='ocrx_word' id='word_1_329' title='bbox 1294 3754 1401 3829; x_wconf 51' lang='grc' dir='ltr'><em>λόγονῆ</em></span> 
     </span>
     <span class='ocr_line' id='line_1_35' title="bbox 184 3835 1402 3910; baseline 0.003 -19"><span class='ocrx_word' id='word_1_330' title='bbox 184 3839 255 3892; x_wconf 86' lang='lat' dir='ltr'>lsao.</span> <span class='ocrx_word' id='word_1_331' title='bbox 274 3845 298 3906; x_wconf 88' lang='lat'>7,</span> <span class='ocrx_word' id='word_1_332' title='bbox 321 3845 351 3908; x_wconf 81' lang='lat'>43</span> <span class='ocrx_word' id='word_1_333' title='bbox 375 3845 399 3906; x_wconf 90' lang='grc'>8,</span> <span class='ocrx_word' id='word_1_334' title='bbox 423 3843 453 3908; x_wconf 82' lang='lat'>53</span> <span class='ocrx_word' id='word_1_335' title='bbox 479 3844 518 3906; x_wconf 86' lang='lat'>10,</span> <span class='ocrx_word' id='word_1_336' title='bbox 547 3845 572 3907; x_wconf 83' lang='lat'>13</span> <span class='ocrx_word' id='word_1_337' title='bbox 596 3840 676 3896; x_wconf 87' lang='lat' dir='ltr'>Dem.</span> <span class='ocrx_word' id='word_1_338' title='bbox 698 3842 738 3905; x_wconf 85' lang='lat'>18,</span> <span class='ocrx_word' id='word_1_339' title='bbox 767 3843 782 3891; x_wconf 91' lang='grc'>6</span> <span class='ocrx_word' id='word_1_340' title='bbox 810 3835 876 3900; x_wconf 78' lang='grc' dir='ltr'><em>ἀξιῶ</em></span> <span class='ocrx_word' id='word_1_341' title='bbox 901 3844 941 3890; x_wconf 79' lang='grc' dir='ltr'>καὶ</span> <span class='ocrx_word' id='word_1_342' title='bbox 966 3836 1059 3906; x_wconf 77' lang='grc' dir='ltr'><em>δέομαι</em></span> <span class='ocrx_word' id='word_1_343' title='bbox 1077 3838 1193 3892; x_wconf 84' lang='grc' dir='ltr'><em>πάντων</em></span> <span class='ocrx_word' id='word_1_344' title='bbox 1210 3838 1306 3909; x_wconf 77' lang='grc' dir='ltr'><em>ὁμοίιος</em></span> <span class='ocrx_word' id='word_1_345' title='bbox 1324 3838 1402 3910; x_wconf 71' lang='grc' dir='ltr'><em>ὑμῶν</em></span> 
     </span>
     <span class='ocr_line' id='line_1_36' title="bbox 184 3917 1401 3999; baseline 0.005 -23"><span class='ocrx_word' id='word_1_346' title='bbox 184 3921 300 3980; x_wconf 68' lang='grc' dir='ltr'><em>ἀκοῦσαί</em></span> <span class='ocrx_word' id='word_1_347' title='bbox 316 3949 367 3997; x_wconf 86' lang='grc' dir='ltr'>μου</span> <span class='ocrx_word' id='word_1_348' title='bbox 387 3929 421 3981; x_wconf 85' lang='lat' dir='ltr'>cf.</span> <span class='ocrx_word' id='word_1_349' title='bbox 441 3930 457 3999; x_wconf 58' lang='grc' dir='ltr'>ᾗ</span> <span class='ocrx_word' id='word_1_350' title='bbox 475 3931 492 3981; x_wconf 83' lang='grc'>2</span> <span class='ocrx_word' id='word_1_351' title='bbox 510 3927 542 3982; x_wconf 85' lang='grc' dir='ltr'>τὸ</span> <span class='ocrx_word' id='word_1_352' title='bbox 561 3927 611 3996; x_wconf 79' lang='grc' dir='ltr'>τὴν</span> <span class='ocrx_word' id='word_1_353' title='bbox 628 3924 735 3982; x_wconf 74' lang='grc' dir='ltr'><em>εὔνοιαν</em></span> <span class='ocrx_word' id='word_1_354' title='bbox 752 3927 815 3993; x_wconf 81' lang='grc' dir='ltr'><em>ἴσην</em></span> <span class='ocrx_word' id='word_1_355' title='bbox 833 3921 990 3978; x_wconf 63' lang='lat' dir='ltr'>dirodoinus.</span> <span class='ocrx_word' id='word_1_356' title='bbox 1039 3924 1120 3978; x_wconf 86' lang='lat' dir='ltr'>Dem.</span> <span class='ocrx_word' id='word_1_357' title='bbox 1144 3929 1185 3991; x_wconf 81' lang='grc'>21,</span> <span class='ocrx_word' id='word_1_358' title='bbox 1210 3929 1226 3978; x_wconf 86' lang='grc'>7</span> <span class='ocrx_word' id='word_1_359' title='bbox 1246 3925 1340 3996; x_wconf 76' lang='grc' dir='ltr'><em>δέομαι</em></span> <span class='ocrx_word' id='word_1_360' title='bbox 1353 3917 1401 3982; x_wconf 71' lang='lat' dir='ltr'>oria</span> 
     </span>
     <span class='ocr_line' id='line_1_37' title="bbox 183 4007 1401 4086; baseline 0.005 -24"><span class='ocrx_word' id='word_1_361' title='bbox 183 4007 259 4078; x_wconf 72' lang='grc' dir='ltr'><em>ὑμῶν</em></span> <span class='ocrx_word' id='word_1_362' title='bbox 281 4009 413 4066; x_wconf 83' lang='grc' dir='ltr'><em>ἁπάντων</em></span> <span class='ocrx_word' id='word_1_363' title='bbox 435 4045 468 4054; x_wconf 87' lang='grc'>--</span> <span class='ocrx_word' id='word_1_364' title='bbox 492 4021 535 4070; x_wconf 83' lang='grc' dir='ltr'>καὶ</span> <span class='ocrx_word' id='word_1_365' title='bbox 563 4010 697 4084; x_wconf 72' lang='grc' dir='ltr'><em>ἀντιβολῶ</em></span> <span class='ocrx_word' id='word_1_366' title='bbox 721 4010 832 4082; x_wconf 77' lang='grc' dir='ltr'><em>πρῶτον</em></span> <span class='ocrx_word' id='word_1_367' title='bbox 860 4015 909 4080; x_wconf 82' lang='grc' dir='ltr'>μὲν</span> <span class='ocrx_word' id='word_1_368' title='bbox 931 4007 1053 4066; x_wconf 62' lang='lat' dir='ltr'>ebrotheim</span> <span class='ocrx_word' id='word_1_369' title='bbox 1071 4007 1186 4065; x_wconf 68' lang='grc' dir='ltr'><em>ἀκοῦσαί</em></span> <span class='ocrx_word' id='word_1_370' title='bbox 1202 4034 1253 4082; x_wconf 89' lang='grc' dir='ltr'>μου</span> <span class='ocrx_word' id='word_1_371' title='bbox 1270 4013 1401 4086; x_wconf 80' lang='grc' dir='ltr'><em>λε’γοντοε,</em></span> 
     </span>
     <span class='ocr_line' id='line_1_38' title="bbox 182 4093 1399 4170; baseline 0 -21"><span class='ocrx_word' id='word_1_372' title='bbox 182 4094 265 4150; x_wconf 72' lang='grc' dir='ltr'><em>ἔπειτ’</em></span> <span class='ocrx_word' id='word_1_373' title='bbox 289 4129 330 4162; x_wconf 91' lang='lat'>-,</span> <span class='ocrx_word' id='word_1_374' title='bbox 349 4098 398 4153; x_wconf 81' lang='grc' dir='ltr'>ἐὰν</span> <span class='ocrx_word' id='word_1_375' title='bbox 416 4100 538 4162; x_wconf 69' lang='grc' dir='ltr'><em>ἐπιδείξαι</em></span> <span class='ocrx_word' id='word_1_376' title='bbox 561 4131 601 4162; x_wconf 93' lang='lat'>-,</span> <span class='ocrx_word' id='word_1_377' title='bbox 625 4099 765 4170; x_wconf 67' lang='grc' dir='ltr'><em>βοηθῆσαι</em></span> <span class='ocrx_word' id='word_1_378' title='bbox 783 4105 827 4151; x_wconf 82' lang='grc' dir='ltr'>καὶ</span> <span class='ocrx_word' id='word_1_379' title='bbox 845 4103 903 4168; x_wconf 78' lang='grc' dir='ltr'><em>ἐμοὶ</em></span> <span class='ocrx_word' id='word_1_380' title='bbox 920 4102 964 4150; x_wconf 85' lang='grc' dir='ltr'>καὶ</span> <span class='ocrx_word' id='word_1_381' title='bbox 987 4093 1049 4165; x_wconf 74' lang='grc' dir='ltr'><em>ὑμῖν</em></span> <span class='ocrx_word' id='word_1_382' title='bbox 1073 4093 1169 4154; x_wconf 69' lang='grc' dir='ltr'>αὺτοῖς,</span> <span class='ocrx_word' id='word_1_383' title='bbox 1210 4101 1251 4164; x_wconf 82' lang='grc'>23,</span> <span class='ocrx_word' id='word_1_384' title='bbox 1270 4103 1287 4151; x_wconf 90' lang='grc'>4</span> <span class='ocrx_word' id='word_1_385' title='bbox 1307 4104 1335 4152; x_wconf 86' lang='lat' dir='ltr'>et</span> <span class='ocrx_word' id='word_1_386' title='bbox 1355 4101 1399 4164; x_wconf 79' lang='lat'>19;</span> 
     </span>
     <span class='ocr_line' id='line_1_39' title="bbox 184 4183 1401 4254; baseline 0.003 -18"><span class='ocrx_word' id='word_1_387' title='bbox 184 4187 225 4247; x_wconf 72' lang='lat' dir='ltr'>aa,</span> <span class='ocrx_word' id='word_1_388' title='bbox 244 4186 272 4251; x_wconf 72' lang='lat'>3,</span> <span class='ocrx_word' id='word_1_389' title='bbox 300 4187 341 4251; x_wconf 88' lang='lat'>33,</span> <span class='ocrx_word' id='word_1_390' title='bbox 367 4187 413 4247; x_wconf 84' lang='lat'>16;</span> <span class='ocrx_word' id='word_1_391' title='bbox 438 4189 527 4253; x_wconf 84' lang='grc'>34,1;</span> <span class='ocrx_word' id='word_1_392' title='bbox 555 4189 596 4252; x_wconf 79' lang='lat'>33,</span> <span class='ocrx_word' id='word_1_393' title='bbox 615 4189 645 4254; x_wconf 69' lang='grc' dir='ltr'>ε,</span> <span class='ocrx_word' id='word_1_394' title='bbox 674 4189 714 4251; x_wconf 85' lang='lat'>37,</span> <span class='ocrx_word' id='word_1_395' title='bbox 733 4188 761 4249; x_wconf 84' lang='lat'>3;</span> <span class='ocrx_word' id='word_1_396' title='bbox 789 4187 831 4250; x_wconf 84' lang='lat' dir='ltr'>as,</span> <span class='ocrx_word' id='word_1_397' title='bbox 854 4187 883 4250; x_wconf 76' lang='lat' dir='ltr'>a,</span> <span class='ocrx_word' id='word_1_398' title='bbox 901 4185 943 4248; x_wconf 85' lang='grc' dir='ltr'>4ο,</span> <span class='ocrx_word' id='word_1_399' title='bbox 962 4185 991 4250; x_wconf 70' lang='grc'>4,</span> <span class='ocrx_word' id='word_1_400' title='bbox 1013 4183 1055 4247; x_wconf 86' lang='lat'>43,</span> <span class='ocrx_word' id='word_1_401' title='bbox 1074 4184 1099 4250; x_wconf 71' lang='lat' dir='ltr'>a,</span> <span class='ocrx_word' id='word_1_402' title='bbox 1121 4183 1164 4252; x_wconf 86' lang='lat'>45,</span> <span class='ocrx_word' id='word_1_403' title='bbox 1184 4186 1211 4252; x_wconf 89' lang='lat'>1;</span> <span class='ocrx_word' id='word_1_404' title='bbox 1235 4187 1276 4250; x_wconf 85' lang='lat'>47,</span> <span class='ocrx_word' id='word_1_405' title='bbox 1301 4187 1332 4252; x_wconf 89' lang='lat'>3;</span> <span class='ocrx_word' id='word_1_406' title='bbox 1357 4189 1401 4252; x_wconf 78' lang='grc' dir='ltr'>4ο,</span> 
     </span>
     <span class='ocr_line' id='line_1_40' title="bbox 182 4269 1401 4340; baseline 0.002 -18"><span class='ocrx_word' id='word_1_407' title='bbox 182 4273 211 4338; x_wconf 81' lang='lat'>33</span> <span class='ocrx_word' id='word_1_408' title='bbox 235 4271 276 4335; x_wconf 88' lang='grc'>54,</span> <span class='ocrx_word' id='word_1_409' title='bbox 299 4274 328 4338; x_wconf 74' lang='grc'>2,</span> <span class='ocrx_word' id='word_1_410' title='bbox 352 4273 394 4337; x_wconf 91' lang='grc'>55,</span> <span class='ocrx_word' id='word_1_411' title='bbox 418 4275 446 4339; x_wconf 72' lang='grc'>2,</span> <span class='ocrx_word' id='word_1_412' title='bbox 469 4275 511 4338; x_wconf 91' lang='grc'>57,</span> <span class='ocrx_word' id='word_1_413' title='bbox 532 4276 558 4340; x_wconf 87' lang='grc'>1;</span> <span class='ocrx_word' id='word_1_414' title='bbox 582 4275 623 4338; x_wconf 89' lang='grc'>58,</span> <span class='ocrx_word' id='word_1_415' title='bbox 646 4275 676 4338; x_wconf 88' lang='grc'>3,·</span> <span class='ocrx_word' id='word_1_416' title='bbox 699 4271 800 4326; x_wconf 88' lang='lat' dir='ltr'>Aesch.</span> <span class='ocrx_word' id='word_1_417' title='bbox 824 4271 848 4336; x_wconf 89' lang='grc'>2,</span> <span class='ocrx_word' id='word_1_418' title='bbox 874 4273 900 4337; x_wconf 77' lang='lat'>13</span> <span class='ocrx_word' id='word_1_419' title='bbox 918 4269 984 4337; x_wconf 89' lang='lat' dir='ltr'>Lyc.</span> <span class='ocrx_word' id='word_1_420' title='bbox 1010 4269 1042 4321; x_wconf 90' lang='grc'>16</span> <span class='ocrx_word' id='word_1_421' title='bbox 1064 4272 1093 4321; x_wconf 90' lang='lat' dir='ltr'>et</span> <span class='ocrx_word' id='word_1_422' title='bbox 1114 4271 1156 4322; x_wconf 88' lang='grc'>46,</span> <span class='ocrx_word' id='word_1_423' title='bbox 1202 4271 1293 4324; x_wconf 86' lang='lat' dir='ltr'>Maior</span> <span class='ocrx_word' id='word_1_424' title='bbox 1316 4289 1401 4340; x_wconf 85' lang='lat' dir='ltr'>quam</span> 
     </span>
     <span class='ocr_line' id='line_1_41' title="bbox 183 4355 1400 4425; baseline 0.001 -15"><span class='ocrx_word' id='word_1_425' title='bbox 183 4358 339 4410; x_wconf 85' lang='lat' dir='ltr'>accusatori</span> <span class='ocrx_word' id='word_1_426' title='bbox 357 4357 553 4412; x_wconf 81' lang='lat' dir='ltr'>benevolentia</span> <span class='ocrx_word' id='word_1_427' title='bbox 576 4363 608 4411; x_wconf 91' lang='lat' dir='ltr'>ut</span> <span class='ocrx_word' id='word_1_428' title='bbox 630 4359 684 4411; x_wconf 90' lang='lat' dir='ltr'>sibi</span> <span class='ocrx_word' id='word_1_429' title='bbox 702 4357 845 4410; x_wconf 83' lang='lat' dir='ltr'>tribuatur</span> <span class='ocrx_word' id='word_1_430' title='bbox 862 4355 935 4425; x_wconf 86' lang='lat' dir='ltr'>petit</span> <span class='ocrx_word' id='word_1_431' title='bbox 958 4371 1022 4408; x_wconf 87' lang='lat' dir='ltr'>rens</span> <span class='ocrx_word' id='word_1_432' title='bbox 1040 4355 1149 4409; x_wconf 80' lang='lat' dir='ltr'>Andos.</span> <span class='ocrx_word' id='word_1_433' title='bbox 1170 4358 1192 4421; x_wconf 91' lang='grc'>1,</span> <span class='ocrx_word' id='word_1_434' title='bbox 1211 4361 1239 4424; x_wconf 87' lang='grc'>6;</span> <span class='ocrx_word' id='word_1_435' title='bbox 1258 4357 1339 4412; x_wconf 87' lang='lat' dir='ltr'>Dem.</span> <span class='ocrx_word' id='word_1_436' title='bbox 1358 4361 1400 4425; x_wconf 87' lang='grc'>57,</span> 
     </span>
     <span class='ocr_line' id='line_1_42' title="bbox 184 4445 398 4515; baseline -0.023 -15"><span class='ocrx_word' id='word_1_437' title='bbox 184 4448 212 4512; x_wconf 94' lang='lat' dir='ltr'>l;</span> <span class='ocrx_word' id='word_1_438' title='bbox 231 4445 294 4515; x_wconf 83' lang='lat' dir='ltr'>Lys.</span> <span class='ocrx_word' id='word_1_439' title='bbox 316 4447 355 4509; x_wconf 84' lang='grc'>19,</span> <span class='ocrx_word' id='word_1_440' title='bbox 373 4445 398 4496; x_wconf 88' lang='grc'>3.</span> 
     </span>
    </p>
   </div>
   <div class='ocr_carea' id='block_1_5' title="bbox 0 0 1565 4900">
    <p class='ocr_par' dir='ltr' id='par_1_7' title="bbox 0 0 1565 4900">
     <span class='ocr_line' id='line_1_43' title="bbox 0 0 1565 4900; baseline 0 0"><span class='ocrx_word' id='word_1_441' title='bbox 0 0 1565 4900; x_wconf 95' lang='lat' dir='ltr'> </span> 
     </span>
    </p>
   </div>
  </div>
 </body>
</html>
