3102 4910
668 202 869 296 Ae.-

155 399 299 482 exegisse
319 401 357 466 of.
379 401 480 468 rerba
503 401 522 488 ξ
546 407 595 466 50.
608 399 667 477 τὰς
687 400 723 467 δὲ
744 399 908 491 κληρωτὰς
922 397 1020 490 άρχὰς
1033 398 1240 487 σπαράττων,
1263 395 1373 483 αἰτῶν,

153 493 362 586 εἰσπράττων
384 499 540 590 ἀργύριον,
563 502 597 570 τί
618 502 719 572 κακὸν
741 502 777 571 οὐ
802 503 966 593 παρέχωνς

248 604 468 672 Philocratem
490 608 596 674 adhuc
618 609 792 689 omisimus,
816 609 857 674 de
879 630 943 692 qno
965 608 984 694 ξ
1006 610 1144 672 43-48
1164 605 1263 672 verba
1281 605 1372 686 fiunt,

42 739 45 808 ρ
153 705 215 770 ssd
246 730 362 792 operae
389 711 528 794 pretinm
559 712 620 776 crit
651 712 738 778 huno
770 733 898 795 quoque
926 712 1031 776 locum
1060 708 1171 792 paucis
1201 708 1371 790 attingere.

42 823 43 866 l
150 805 256 874 Totus
277 833 314 876 eo
337 819 473 896 spectat,
496 819 532 878 ut
553 814 800 894 demonstretur,
824 835 864 879 ne
885 815 925 879 iis
941 813 1081 897 quidem,
1105 809 1222 893 quibus
1244 809 1373 894 placcat

155 913 392 997 Aristogitonis
420 915 635 999 impudentia,
663 939 735 982 cum
762 918 896 982 idonens
922 918 962 982 iis
990 915 1138 980 videatur
1164 912 1206 976 ad
1229 914 1372 996 pericula

149 1015 224 1080 aliis
252 1017 426 1098 molienda,
453 1019 566 1084 utilem
594 1019 685 1084 illum
712 1041 797 1100 esse,
827 1021 946 1103 quippe
987 1019 1043 1101 qui
1069 1016 1206 1100 pecunia
1236 1021 1370 1098 accepta

148 1139 264 1184 causas
287 1119 461 1186 destituere
477 1121 588 1186 soleat.
626 1122 820 1206 Exemplum
836 1123 950 1188 talium
964 1121 1139 1200 hominum,
1166 1118 1221 1203 qui
1241 1119 1371 1184 faveant

155 1221 222 1301 illi,
249 1222 467 1288 Philocratem
497 1223 699 1288 Eleusioium
728 1227 829 1308 ponit.
882 1224 1018 1310 Quaerit
1048 1244 1087 1286 ex
1114 1243 1167 1302 eo,
1196 1242 1253 1284 cur
1278 1221 1370 1286 illum

154 1331 262 1406 acuat,
275 1327 331 1408 qui
346 1347 455 1391 omncs
470 1327 542 1392 litos
559 1326 687 1391 vendat.
715 1327 769 1414 (of.
786 1327 860 1414 §46
874 1322 903 1392 εἰ
919 1323 954 1390 δὲ
968 1363 1008 1374 -
1024 1319 1127 1390 πάνθ’
1151 1320 1213 1389 ὅσα
1229 1318 1368 1388 πώποτ’

154 1421 294 1512 ἔπραξεν
316 1424 447 1509 ἐπώλει,
470 1425 504 1493 τί
517 1432 630 1494 τοῦτον
650 1419 676 1494 ὦ
698 1427 816 1512 μάταιε
837 1423 980 1516 ἀκονᾷς.)
1023 1427 1138 1510 Neque
1160 1427 1244 1492 enim
1266 1448 1369 1509 coquo

157 1531 269 1598 utilem
300 1553 369 1597 esse
400 1533 539 1598 cultrum
571 1534 626 1614 qni
656 1555 721 1598 non
749 1541 849 1614 secet,
881 1553 985 1615 nsque
1019 1533 1062 1612 ei,
1100 1532 1156 1614 qui
1189 1531 1261 1596 aliis
1292 1531 1369 1596 velit

153 1631 228 1697 lites
265 1634 449 1716 intendere,
486 1635 600 1700 utilem
631 1657 700 1700 esse
734 1637 972 1720 sycophantam
1005 1635 1060 1718 qui
1097 1634 1204 1698 omnia
1239 1633 1367 1698 vendat.

152 1735 280 1800 Deinde
318 1738 465 1822 exempla
502 1736 597 1802 affert
636 1759 808 1804 causarum
844 1759 926 1821 quas
958 1738 1013 1803 illo
1046 1736 1231 1802 destituerit
1262 1735 1281 1822 ξ
1315 1739 1367 1816 47,

153 1845 222 1902 tum
251 1841 359 1922 pergit
386 1839 425 1905 σὺ
453 1835 481 1904 d'
519 1830 553 1904 cd
582 1831 642 1906 οἶδ’
679 1837 731 1904 ὅτι
767 1839 822 1906 καὶ
853 1837 896 1906 τὰ
934 1835 1115 1927 ἀντίγραφα
1143 1833 1249 1904 αὐτῶν
1277 1834 1367 1920 ἔχεις,

152 1937 332 2024 ἐργολαβῶν
362 1938 461 2030 αὐτῷ.
528 1941 611 2008 (lum
643 1943 846 2008 Philocrates
880 1943 1058 2027 descriptos
1090 1941 1215 2006 libellos
1247 1941 1367 2006 habere

152 2040 294 2126 dicatur,
325 2045 393 2110 eius
422 2046 578 2111 mandatu
601 2047 808 2128 Aristogiton
835 2067 944 2110 omnes
970 2047 1044 2112 illas
1071 2045 1292 2110 accusationes
1319 2045 1367 2108 in·

152 2144 294 2210 stituisse
325 2153 359 2212 ot
387 2149 487 2214 inrito
521 2170 558 2215 eo
592 2148 776 2214 destituisse
810 2147 946 2212 videtur.
990 2148 1030 2214 of.
1062 2169 1135 2214 oum
1164 2153 1267 2212 totum
1297 2168 1367 2212 sen·

151 2248 326 2312 tentiarnm
354 2271 508 2316 conexum
535 2257 605 2316 tum
627 2251 725 2316 rerba
748 2271 832 2334 quac
854 2257 1042 2332 sequuntur.
1087 2249 1181 2335 §48.
1225 2251 1290 2314 τῶν
1310 2245 1368 2331 μὲν

154 2345 213 2432 γὰρ
247 2345 368 2434 ὁμοίων
400 2351 568 2442 προδότης.
620 2353 685 2420 Sed
716 2351 898 2439 ἐργολαβεῖν
926 2377 991 2418 τινι
1022 2359 1071 2418 est
1102 2351 1209 2416 ‘alicui
1238 2373 1370 2435 operam

155 2473 246 2516 suam
280 2457 510 2522 mercenariam
541 2457 659 2522 locare’
692 2456 747 2544 (of.
777 2455 920 2522 Reisskii
947 2455 1020 2522 Ind.
1050 2478 1075 2520 s.
1105 2455 1137 2520 h.
1167 2457 1226 2540 v.);
1258 2455 1369 2538 itaque

153 2575 193 2618 ax
208 2555 259 2622 his
274 2557 381 2622 verbis
391 2559 648 2626 concludendum
657 2567 716 2641 est,
732 2560 952 2626 Philocratem
967 2558 1123 2624 mandatu
1133 2557 1368 2639 Aristogitonis

149 2657 222 2723 lites
251 2659 324 2726 illas
346 2661 531 2728 intendisse.
584 2663 665 2729 Tale
697 2664 776 2746 quid
796 2663 918 2728 oratori
948 2661 1104 2728 accidisse
1136 2660 1274 2743 cogitari
1305 2681 1370 2724 non

150 2765 268 2841 potest,
292 2761 350 2827 sed
371 2763 483 2828 rhetor
504 2766 681 2849 perductus
705 2773 754 2832 est
776 2763 818 2830 ad
841 2764 901 2828 has
923 2765 1063 2848 ineptias
1079 2763 1247 2840 sententia,
1271 2783 1369 2844 quam

150 2862 242 2928 initio
265 2862 284 2949 ξ
307 2867 348 2928 47
371 2865 520 2948 legimus:
567 2863 650 2934 ἀλλὰ
671 2867 733 2956 μὴν
759 2865 811 2934 ὅτι
838 2869 984 2943 τοιοῦτος
1005 2854 1096 2940 οὗτος
1118 2861 1214 2946 ἐστίν,
1242 2859 1369 2928 εἰδότι

148 2986 214 3030 σοι
229 2959 355 3051 φράσω.
391 2970 489 3034 Hanc
512 2971 544 3034 in
560 2970 623 3034 fine
638 2969 838 3054 paragraphi
854 2971 1038 3034 accuratius
1054 2967 1215 3051 explicare
1231 2973 1367 3032 conatur

147 3067 203 3154 (ol.
232 3066 276 3132 σὺ
307 3063 338 3132 d'
367 3060 406 3134 ad
434 3062 497 3134 οἶδ’
528 3069 621 3158 ὅτι),
660 3079 693 3138 et
729 3073 845 3154 arripit
875 3071 937 3138 sibi
964 3071 1120 3138 nonnulla
1151 3070 1250 3136 rerba
1284 3091 1368 3154 quae

149 3170 239 3256 apud
262 3177 406 3237 oratores
426 3175 583 3257 genuinos
604 3175 683 3260 legit
692 3172 748 3260 ¹⁸),
776 3193 849 3238 cum
878 3195 943 3240 noo
972 3173 1080 3240 videat
1108 3195 1148 3238 ea
1169 3174 1231 3240 hcc
1253 3173 1324 3238 loco
1347 3193 1368 3236 a

148 3279 219 3339 toto
248 3275 480 3342 sententiarum
508 3299 632 3344 conexu
659 3277 849 3356 abhorrere,
881 3276 998 3342 deinde
1024 3275 1110 3342 redit
1138 3274 1181 3340 ad
1210 3295 1265 3342 eas
1292 3295 1363 3340 sen·

148 3376 282 3456 tantiae,
304 3377 337 3440 in
360 3377 478 3460 quibus
500 3389 598 3447 antea
620 3388 766 3447 versatus
790 3386 847 3446 ost.

235 3477 322 3544 Satis
352 3479 437 3544 clare
467 3504 505 3546 ex
534 3485 585 3550 his
615 3505 698 3568 quas
726 3481 823 3548 attuli
853 3489 966 3565 patere
993 3479 1072 3545 mihi
1094 3479 1235 3560 ridetur,
1263 3485 1366 3544 totam

148 3581 233 3646 hano
248 3580 498 3665 descriptionem
515 3587 664 3670 quamvis
679 3585 923 3652 accommodata
938 3584 981 3650 ad
996 3583 1101 3650 forum
1115 3584 1221 3666 primo
1236 3580 1367 3666 quidem

147 3683 266 3750 obtutu
288 3683 451 3764 rideatur,
482 3709 546 3752 non
570 3709 587 3752 e
609 3711 717 3755 rernm
740 3689 877 3754 varitate
898 3687 1064 3767 haustam,
1092 3685 1206 3752 sedin
1229 3684 1367 3750 rhetoris

147 3786 298 3852 cubiculo
320 3789 537 3870 excogitatam
559 3812 638 3858 esse.

234 3887 306 3954 Nec
327 3891 433 3956 minus
455 3899 607 3974 suspecta
629 3899 677 3958 ast
700 3893 785 3958 ritae
807 3891 953 3976 privatae
968 3890 1153 3974 descriptio,
1177 3911 1260 3974 qnae
1276 3893 1366 3955 extat

147 3990 188 4076 §§
212 3995 347 4056 54—68
370 4001 403 4058 et
424 3998 563 4058 77-80.
610 3995 703 4078 Quae
726 3993 843 4078 quibus
866 3993 900 4058 in
921 3993 1017 4060 rebus
1041 3992 1241 4078 discreparet
1263 3993 1305 4058 ab
1327 3992 1366 4056 iis

148 4149 327 4158 n—--—----
335 4153 343 4158 .

239 4247 272 4314 ”’)
296 4249 331 4302 ad
356 4249 509 4324 ἀντίγραφα
535 4249 568 4304 ul.
591 4249 700 4304 Audon.
727 4251 748 4312 l,
772 4252 818 4317 'lti;
844 4249 910 4318 Lys.
933 4251 974 4314 23,
998 4250 1027 4314 7;
1053 4247 1134 4302 Dcm.
1156 4249 1198 4312 45,
1217 4249 1246 4314 2;
1269 4249 1311 4312 46,
1334 4249 1363 4314 ἰὴ

148 4333 192 4394 48,
211 4332 258 4396 48;
286 4335 328 4398 68,
349 4337 387 4389 18.
423 4337 458 4390 nd
477 4335 633 4410 ἐργολαβεῖν
651 4334 731 4388 Dum.
751 4337 792 4400 32,
815 4337 842 4388 ll
874 4331 1056 4410 ἠργολάβηκεν
1074 4331 1154 4392 αὐτὸς
1172 4340 1214 4386 καὶ
1233 4333 1365 4406 κατεπήγ-

149 4415 242 4492 γελται
262 4427 375 4488 ’Μοιρὼ
398 4419 478 4476 Delo.
497 4425 540 4486 22,
558 4421 592 4474 49
612 4441 641 4468 =
661 4421 703 4474 24.
723 4421 784 4488 ltil;
802 4421 844 4484 58,
862 4425 891 4488 63
910 4421 1009 4476 Auseh.
1031 4421 1053 4486 l,
1074 4423 1136 4490 1735
1154 4423 1179 4484 2,
1200 4422 1261 4488 ll‘.l;
1280 4423 1304 4484 8,
1322 4421 1363 4474 ³3.
1504 4477 1505 4482 ρ

1504 4505 1505 4545 l

1503 4615 1504 4655 l
